2460 4178
635 170 710 241 loa

157 381 407 462 quisoouhtetur,
421 400 456 440 se
465 376 886 441 eredereChristumhahera
895 385 1032 439 aaaron
1041 388 1072 440 et
1082 381 1178 441 ham-

156 520 223 560 nam
248 506 280 558 et
304 498 445 572 divinum,
469 506 560 576 negat
580 504 683 555 antem
705 514 740 555 ae
760 495 1016 574 cogitaremus,
1033 498 1182 576 qnomoio

156 616 218 675 sint
246 616 438 694 conjunctae,
464 635 499 674 se
527 617 591 693 ipse
623 611 756 690 decipit;
778 631 845 672 uam
878 622 1029 691 quatenus
1056 615 1184 694 aliquam

156 741 273 793 namra
294 731 433 791 humanae
456 738 488 790 et
510 730 620 790 divinae
642 730 798 789 notionem
822 728 924 798 habet,
945 740 1077 791 eotenus
1098 735 1187 793 etiam

156 852 404 930 conjunctionem
428 848 567 926 cogitare
588 852 709 924 potesta
731 844 759 903 si
780 864 854 904 vero
877 834 1018 924 seposita*
1035 851 1123 910 omni
1150 850 1189 909 de

156 971 301 1048 qualitate
332 977 506 1029 naturarum
541 963 703 1039 opinione,
743 970 849 1021 natura
877 961 1008 1024 humana
1039 974 1090 1025 est
1117 986 1136 1026 x
1160 976 1191 1026 et

156 1086 256 1145 divina
276 1105 313 1163 y:
334 1080 433 1145 eredit
453 1079 794 1159 eorrjunctionerniuter
812 1098 831 1138 x
850 1085 883 1138 et
902 1097 939 1158 53
962 1083 1063 1142 eredit
1083 1085 1191 1144 neseio

156 1202 228 1280 quid
252 1204 273 1261 i.
297 1221 325 1260 e.
352 1199 427 1260 nihii
450 1197 551 1257 credit
562 1192 597 1277 ¹).

172 1356 520 1369 -a——ffl

225 1461 249 1525 1)
267 1465 327 1512 Non
344 1461 370 1512 in
392 1477 423 1511 eo
443 1459 575 1525 discrepat
592 1458 740 1524 dogmatiea
758 1459 885 1513 criticae
909 1462 1094 1528 speculativa,
1120 1464 1192 1530 quod

264 1555 319 1605 hae
338 1555 398 1604 sola
416 1568 498 1618 neque
517 1567 578 1603 vero
598 1552 646 1602 illa
670 1551 804 1617 empiriam
829 1554 959 1608 internam
984 1560 1131 1623 agnoscat,
1163 1557 1191 1608 in

264 1664 294 1698 eo
312 1647 493 1712 consentiunt,
522 1647 620 1710 absque
645 1645 768 1711 positivis
793 1646 853 1698 vitra
877 1648 1025 1714 spiritualis
1049 1648 1190 1701 elementis

264 1742 363 1792 nullam
391 1739 534 1791 doctrinam
560 1739 695 1789 efformari
725 1752 824 1803 posse3
851 1755 882 1790 eo
901 1740 978 1792 simul
996 1746 1137 1807 spectant,
1161 1748 1191 1795 ut

264 1831 465 1896 imaginationes
479 1834 504 1880 et
517 1830 637 1880 notiones
649 1833 720 1879 reete
732 1829 936 1886 constituantur.
973 1834 1024 1884 Sed
1041 1833 1066 1883 in
1080 1833 1189 1885 diverso

263 1925 404 1974 eorundem
418 1923 603 1972 elementorum
616 1921 788 1987 positivorum
803 1938 853 1973 usu
862 1923 1190 1992 discrepantiaquareuda

262 2020 312 2065 est.
349 2014 491 2078 Theologia
509 2014 601 2065 eritiea
619 2016 694 2066 modo
714 2013 837 2078 negativa
863 2018 965 2068 ratione
984 2032 1031 2069 eas
1050 2018 1189 2084 imagina-

261 2108 347 2159 tiones
362 2113 387 2159 et
404 2108 477 2159 ideas
496 2113 595 2160 traetat
605 2127 614 2174 3
639 2124 731 2173 quare·
746 2123 819 2173 cum,
839 2109 929 2160 altatis
950 2110 1089 2176 soripturre
1118 2111 1189 2163 loeis

262 2207 289 2253 et
306 2201 454 2265 dijudicatis
473 2201 590 2253 eeclesia
611 2201 783 2267 opinionibus,
801 2201 964 2269 indicaverit,
983 2202 1110 2268 quomodo
1123 2217 1187 2254 are-

263 2293 316 2345 atio
337 2293 439 2344 nonsit
457 2294 604 2359 cogitanda,
624 2293 833 2357 imaginationem
851 2295 932 2358 hujus
950 2299 1026 2346 aetus
1046 2294 1189 2360 anianique

262 2384 412 2449 relinquens
433 2387 467 2436 ad
484 2386 563 2437 aliam
582 2385 705 2437 doetrinae
723 2391 823 2450 partem
843 2386 993 2453 parimodo
1017 2388 1188 2439 manuam

261 2477 368 2532 transit.
405 2479 471 2529 Cum
491 2495 553 2530 vero
571 2478 608 2529 ita
626 2479 719 2530 Critiei
739 2479 826 2532 omnia
840 2481 1024 2531 elementorum
1036 2481 1189 2544 hagnam

262 2571 376 2637 sparsim
404 2570 551 2637 attigerint,
577 2573 742 2643 vehementer
767 2571 913 2638 mirantur,
941 2573 1043 2636 quauta
1067 2572 1187 2637 theologi

262 2662 417 2727 speculativi
452 2665 482 2714 de
515 2663 645 2727 objectiva
665 2680 753 2716 rerum
779 2648 936 2716 divinarum·
951 2666 1195 2733 comprehensione,

259 2753 409 2820 loqvuntur,
424 2756 499 2818 qnasi
517 2759 643 2808 elementa
658 2757 808 2820 hujusmodi
826 2756 932 2809 theoria
948 2773 979 2808 ex
1006 2764 1069 2809 atre
1092 2764 1187 2809 essent

260 2845 393 2909 capienda.
432 2849 576 2911 Quomodo,
595 2849 723 2913 inquiunt,
742 2853 829 2915 potest
846 2850 923 2901 homo
942 2851 972 2901 de
1000 2835 1105 2902 arraudi
1133 2866 1183 2903 ra-

259 2936 329 2986 tione
348 2937 473 3001 cogitare,
491 2943 549 2990 enm
568 2947 643 2991 entra
661 2957 762 2994 omnem
780 2943 915 3008 empiriam
928 2943 1016 3010 posita
1031 2944 1068 2994 sit
1074 2961 1084 3010 3
1103 2958 1185 2996 seeu-

258 3030 344 3081 lorom
361 3030 539 3097 intervallum,
561 3035 628 3097 qnod
649 3033 717 3085 inter
736 3050 784 3084 nos
811 3040 837 3085 et
862 3052 950 3088 rerum
974 3035 1076 3087 initium
1095 3039 1184 3103 J‘aoet,

258 3123 317 3188 quis
344 3125 495 3176 mortalium
529 3125 683 3192 superabit?
713 3129 836 3178 Profecto
861 3128 885 3178 si
915 3129 1067 3191 thusmodi
1093 3130 1182 3181 saltus

259 3223 436 3283 qnaer·eretur;
468 3224 521 3270 tum
556 3236 619 3271 sane
644 3237 695 3270 non
721 3221 806 3270 solum
829 3222 981 3272 nebulosum
1007 3227 1080 3273 esset
1105 3239 1184 3274 omne

213 3293 222 3301 ’
258 3309 447 3374 metaphysica
467 3311 590 3377 studium,
609 3312 755 3379 sedetiam,
774 3329 832 3366 eum
843 3315 991 3366 labentibus
1004 3315 1080 3367 annis
1093 3316 1182 3380 magis

258 3402 393 3466 magisque
412 3418 429 3452 a
447 3408 541 3468 puncto
559 3405 654 3456 initiali
673 3421 871 3471 removeamur,
890 3406 1033 3459 diffloultas
1057 3407 1181 3474 philoso-

259 3493 354 3556 phandi
366 3495 448 3546 indies
462 3504 603 3551 cresceret.
645 3503 746 3552 Verum
758 3515 809 3550 uon
829 3499 867 3551 ita
883 3516 928 3551 res
946 3517 976 3553 se
995 3501 1074 3553 hahet
1080 3519 1089 3566 3
1109 3502 1183 3551 ultra

258 3587 323 3635 fines
341 3588 454 3652 empiriae
472 3591 591 3642 humana
609 3609 674 3646 vera
692 3593 857 3659 philosophia
881 3610 1013 3660 nunquam
1031 3595 1182 3658 transgredi

257 3679 335 3728 audet
341 3696 350 3743 3
369 3682 415 3730 sed
432 3681 552 3746 positivis
571 3683 631 3735 vita
650 3686 782 3738 elementis
802 3688 857 3741 alia
874 3689 977 3741 ratione
996 3687 1093 3754 utitur,
1112 3688 1182 3754 quod

257 3769 325 3822 onim
343 3770 434 3835 etheit,
451 3777 482 3826 nt
497 3772 648 3839 imaginatio
668 3776 808 3830 creationis
826 3783 853 3835 et
868 3779 998 3835 h‘tertatia
1010 3794 1071 3837 asae
1085 3780 1179 3848 possit,
