2460 4178
550 106 599 175 23

47 319 149 394 gnta
181 313 371 393 Gregoriia
399 313 514 390 duplici
554 320 641 392 parte
672 313 859 383 considerari
885 313 1017 391 possint,
1048 310 1085 370 ab

48 431 149 491 altera
171 431 252 489 enim
273 435 359 509 parte
379 428 581 489 individuaias
598 437 680 502 suut,
702 446 803 506 neque
822 427 948 487 eoadem
963 427 1036 487 aiibi
1053 427 1083 485 iu

49 546 182 607 historia
201 543 487 624 deprehendimus,
509 553 695 605 momentum
711 544 786 604 iliud
811 545 902 603 lixum
925 551 1016 623 atque
1030 545 1085 603 im-

50 662 184 735 nonita,
210 662 299 740 cujus
327 668 418 720 anteu
445 664 631 722 mentionem
661 663 809 735 fecimus,
839 663 1015 733 coutineut3
1047 660 1084 720 ab

49 780 152 841 altera
182 795 255 835 vcro
278 784 367 855 parte
388 777 491 839 ideam
512 779 698 839 hierarchice
726 779 852 858 speciali
874 777 967 838 modo
991 777 1083 835 maui-

49 894 185 966 festant;
202 902 293 972 atque
315 893 356 952 ita
379 902 533 955 moruento
551 896 715 955 universali
740 894 836 954 ubivis
864 902 933 954 sunt
952 893 1084 952 imbutae.

49 1011 106 1073 Sic
132 1012 226 1090 igitur
248 1008 486 1071 universalitatis
518 1011 647 1071 sormam
667 1019 854 1090 acceperunt
877 1006 1084 1078 individualis,

50 1136 86 1187 et
111 1130 177 1187 vice
206 1145 295 1185 versa
321 1124 567 1188 modificationes
594 1128 798 1189 individnaies
828 1135 917 1187 nacta
936 1131 984 1184 cst
1016 1122 1085 1183 idea

50 1245 248 1309 universalis.
293 1243 368 1319 Quae
383 1243 409 1302 si
429 1250 514 1302 recte
533 1243 688 1321 disputata
706 1250 789 1318 sont,
812 1245 936 1304 tertium
960 1238 1084 1319 aliquod

50 1362 196 1433 eruitur,
218 1359 299 1437 quod
324 1376 426 1436 neque
447 1360 595 1436 empirice
621 1359 811 1420 individuale
845 1379 900 1441 per
922 1363 968 1419 aio
985 1363 1017 1416 et
1036 1360 1084 1418 ua

50 1474 281 1549 deliniendum,
322 1493 423 1553 neque
462 1475 596 1534 inaniter
631 1475 803 1536 universale
843 1476 881 1536 ad
919 1473 1085 1552 quamlibet

49 1593 289 1673 applicationem
320 1591 484 1664 idoneum,
524 1591 581 1649 sed
610 1591 761 1651 historica
790 1592 923 1650 notionis
944 1590 1085 1652 delinitio

50 1710 117 1771 dici
140 1709 247 1788 possit.
297 1713 398 1786 Atque
427 1706 710 1785 haucempiriam,
739 1727 808 1786 quae
829 1707 941 1768 rationi
964 1705 1085 1766 induite

49 1825 222 1905 respondet
247 1833 280 1885 et
305 1844 373 1885 cum
398 1844 433 1885 ea
462 1824 620 1904 congruit,
648 1825 864 1903 speculativam
880 1824 954 1904 jura
976 1830 1084 1884 nostro

49 1943 252 2022 appellamus.

524 2133 599 2241 cc.

134 2286 303 2347 Discrimen
312 2282 650 2362 qoodinterempiriam
661 2285 818 2364 vulgarem
829 2283 1083 2360 etspecniatlvam

50 2401 233 2475 intercedit,
255 2401 287 2459 in
309 2397 416 2459 ocnlos
436 2397 688 2472 focileiucnrrit3
713 2400 764 2461 ilia
786 2401 868 2460 euim
882 2399 1083 2476 phaenomena

51 2520 258 2589 extrinsecus,
280 2517 348 2575 lraec
367 2515 553 2576 iutriusesna
578 2518 737 2590 observat3
762 2534 893 2594 cumque
915 2514 967 2574 iiia
982 2514 1084 2573 multi·

51 2636 192 2697 tudinem
229 2632 500 2711 phaenomenorum
534 2629 767 2693 accidentalium
801 2635 980 2702 coacervet,
1017 2629 1085 2690 haec
1115 2608 1118 2615 ¹

52 2759 161 2813 contra
178 2755 403 2809 momentorum
426 2749 559 2809 omnium
582 2768 692 2809 uerum
711 2749 888 2828 organicum
911 2749 953 2807 ita
976 2746 1084 2827 depin-

51 2871 109 2951 git,
130 2880 164 2930 nt
185 2866 300 2928 nullum
318 2865 564 2944 phoenomeuou,
587 2866 645 2925 nisi
666 2863 747 2943 quod
769 2883 806 2924 ex
827 2863 897 2924 idea
918 2866 984 2941 ipaa
1011 2880 1084 2942 pro-

52 3004 192 3068 gressum
214 3000 284 3043 esse
306 2987 505 3057 agnoscatur,
535 2982 567 3040 in
594 2999 721 3040 censum
744 2982 855 3040 veniat.
911 2981 988 3055 Quae
1015 2997 1084 3039 cum

52 3105 97 3164 ita
119 3102 192 3174 sint,
213 3100 304 3176 louge
331 3097 430 3175 major
452 3095 726 3174 phaenomenornm
746 3095 935 3185 singulorum
955 3093 1084 3154 ambitus

52 3206 90 3281 in
115 3216 252 3296 ,empiria
289 3212 406 3290 vulgari
442 3230 531 3288 qnam
552 3213 601 3299 ‘in
643 3211 830 3290 speculativa
862 3229 932 3270 csso
969 3216 1083 3290 potest.

54 3331 186 3412 Quando
202 3329 284 3390 euim
300 3328 414 3405 vulgari
435 3345 558 3404 operam
575 3326 692 3400 damus,
714 3347 765 3388 nu
776 3348 805 3388 m
827 3344 879 3384 res
896 3325 997 3386 factae
1012 3326 1085 3398 siut,

52 3469 116 3513 non
137 3454 252 3517 antem,
269 3469 341 3509 cur
362 3446 453 3507 iactae
468 3445 542 3518 sint,
566 3450 755 3522 qnaerentes,
769 3441 846 3502 nihil
863 3441 944 3500 alind
958 3441 1085 3519 agimus,

53 3567 113 3629 nisi
134 3571 168 3624 ut
188 3565 390 3641 phaenomena
412 3561 543 3641 singula,
567 3578 654 3636 quam
677 3559 825 3638 plurima,
857 3555 1085 3616 accuratissime

54 3682 255 3743 observemus
297 3686 327 3739 et
368 3678 576 3748 deflniamns;
617 3674 784 3751 multisque
829 3672 921 3750 hoj'ue
967 3669 1086 3730 subtilis
