2664 4308
189 387 327 463 ignorati
350 384 455 464 ltaque
477 405 513 445 ea
534 384 696 448 methodus
718 387 779 448 hoc
800 388 892 450 ettam
912 389 1038 460 curarit,
1062 393 1096 447 ιιι
1119 377 1225 450 ιιιιιιὶ

185 501 268 565 tliutn
306 510 416 564 cantra
455 500 710 580 philosophorum
746 503 978 565 inconstantiam
1018 503 1222 567 inueniretur.

186 618 375 698 Theologus‚
403 617 521 695 quando
544 618 581 678 atl
606 626 742 696 systema
763 619 1010 698 philosophicum
1029 616 1222 696 aggreditur,

185 755 244 797 non
275 745 335 796 tatu
362 734 395 794 id
419 753 512 814 agere
535 732 643 808 debet,
675 744 709 798 ut
734 748 868 814 systema
896 736 996 813 ipsum
1025 753 1081 814 pcr
1109 753 1221 796 otnttrs

185 853 402 932 cogitationum
422 851 613 930 labyrinthos
633 859 848 931 persequatur,
871 870 929 930 quo
951 859 1163 930 argumentum
1189 853 1221 910 ui
1317 879 1318 882 ¹

185 969 346 1030 dialectica
369 968 503 1041 refellat,
526 977 558 1029 ct
582 988 710 1030 errores
735 969 966 1047 metaphysicos
987 967 1125 1046 detegat,
1155 968 1220 1030 hoc

185 1087 266 1146 enim
284 1105 359 1164 opus
377 1093 425 1146 est
446 1086 704 1157 molestissimum,
727 1087 900 1164 praesertim
917 1103 987 1144 cum
1007 1085 1101 1145 multa
1113 1093 1221 1164 syste-

184 1209 264 1262 mata
286 1201 364 1261 adeo
387 1203 526 1264 abstrusa
548 1204 609 1262 sint
631 1211 723 1280 atque
746 1202 887 1275 obscura,
918 1209 950 1262 et
975 1208 1128 1282 praterea
1155 1211 1220 1264 tam

185 1321 278 1378 mults
299 1319 338 1378 de
352 1318 417 1378 lleo
439 1318 568 1396 ejusque
593 1321 653 1378 uita
671 1337 774 1397 prose
797 1325 945 1397 spectato,
973 1335 1039 1397 quae
1063 1320 1101 1380 arl
1125 1319 1219 1382 Chri-

184 1437 312 1494 rtlanam
346 1435 491 1512 pietatem
522 1434 760 1512 promovendam
796 1455 923 1514 prorsas
957 1437 1020 1496 sint
1051 1437 1219 1516 superflua,

185 1552 326 1623 afferant,
350 1559 398 1622 ut,
426 1550 451 1609 sl
471 1549 528 1609 hac
549 1550 595 1609 uia
618 1550 783 1630 theologus
802 1571 893 1612 verus
918 1553 1159 1631 progeneretnr,
1185 1556 1217 1614 in

183 1670 334 1747 gurgitem
351 1667 595 1746 philosophicum
610 1667 677 1744 ipse
688 1668 781 1728 facile
800 1669 1006 1748 abriperetur,
1030 1676 1123 1748 atqne
1138 1670 1216 1730 adeo

183 1786 368 1862 atheologo
396 1785 428 1843 in
456 1783 671 1862 philosophum
698 1790 882 1851 mutaretur.
943 1783 1023 1861 Quid
1054 1795 1156 1846 autern
1184 1789 1217 1848 in

184 1899 375 1980 philosophis
400 1905 543 1980 spectare
570 1898 684 1960 debet?
718 1901 765 1962 Ex
792 1921 828 1962 ca
861 1903 997 1976 ratione,
1036 1923 1092 1982 qva
1123 1903 1216 1966 fldem

184 2016 388 2076 christianam
406 2034 474 2074 cnm
495 2013 638 2074 ecclesiae
659 2023 724 2078 tum
744 2019 873 2080 maxime
885 2020 1050 2098 scripturae
1069 2039 1128 2098 ope
1145 2040 1216 2098 per-

184 2135 332 2212 ciplmns,
361 2135 516 2210 sequitur,
544 2139 578 2192 nrt
601 2141 705 2192 certos
731 2134 877 2212 quosdam
906 2143 938 2194 ct
963 2135 1040 2195 lixos
1062 2138 1215 2199 doctrinae

183 2252 276 2312 fidem
297 2251 465 2330 spectantis
491 2249 576 2308 locos
601 2249 781 2323 habeamus,
806 2253 982 2328 quibuscum
1009 2274 1063 2326 ea,
1092 2273 1159 2332 qvae
1182 2257 1215 2314 in

184 2374 350 2448 systemate
370 2365 586 2445 philosophico
607 2367 853 2446 philosophando
878 2371 1070 2442 euincnntnr,
1092 2388 1214 2450 compa-

182 2485 278 2546 randa
295 2489 375 2542 sunt.
418 2481 492 2557 Quae
509 2483 605 2558 igitur
627 2483 675 2542 his
695 2482 769 2544 litlai
786 2485 922 2546 articulis
942 2488 1137 2560 conueniunt,
1159 2487 1215 2562 tibi

183 2601 274 2682 elige,
299 2621 365 2680 quae
387 2597 613 2672 contradicunt,
631 2601 738 2680 rejice,
758 2621 824 2679 qvae
842 2601 1028 2680 philosopho
1047 2603 1213 2681 peculiaris

183 2728 269 2790 sunt,
297 2708 330 2776 ut
352 2735 437 2774 sunm
459 2717 569 2794 cuique
590 2717 752 2788 tribuatur,
776 2719 805 2777 ei
828 2719 976 2796 relinque.
1027 2721 1120 2796 Quam
1148 2727 1212 2780 tnta

101 2842 109 2856 ‘
181 2836 221 2896 sit
240 2833 309 2894 haec
331 2830 551 2910 progrediendi
568 2833 624 2906 uia,
647 2853 704 2912 quo
725 2836 833 2896 melius
845 2854 1024 2912 cognoscas,
1041 2837 1210 2915 exemplum

181 2950 367 3027 theologicae
387 2948 641 3027 philosophorum
666 2953 885 3030 explorationis
906 2950 1002 3010 affere
1026 2952 1133 3013 liceatt

263 3067 405 3150 Spinoau
427 3063 524 3124 baum
553 3083 624 3125 csse
648 3068 845 3128 substantiam
873 3069 1013 3142 uolebat,
1047 3087 1103 3128 nec
1128 3068 1210 3148 phae·

181 3203 311 3246 ncmena
327 3183 432 3244 mnndi
456 3183 615 3260 quidquam
637 3202 706 3243 esse
729 3185 785 3244 nisi
805 3186 912 3246 modos
925 3194 957 3246 et
970 3187 1210 3250 modificationes

180 3302 274 3381 hujus
291 3301 470 3360 substantiae
489 3301 653 3374 absolutae3
685 3322 754 3364 cum
778 3321 850 3362 uero
871 3303 931 3362 hoc
954 3302 1153 3364 Puntltelsmo
1179 3314 1210 3368 et

180 3417 382 3499 personalitas
404 3425 435 3476 et
446 3418 656 3478 immortalitas
673 3427 765 3496 atque
786 3419 863 3478 adeo
885 3418 1041 3480 moralitas
1053 3421 1209 3486 hominnm

180 3551 310 3614 prorsus
329 3532 470 3597 tollatur:
492 3541 524 3594 et
546 3535 620 3594 lidei
640 3543 672 3596 ct
689 3554 785 3595 sacru
805 3537 967 3614 scripturae
990 3546 1098 3615 aperte
1116 3559 1209 3618 repn-

179 3655 263 3730 gnat,
290 3665 419 3726 quares
442 3651 597 3728 theologia
623 3651 811 3712 removenda
833 3659 891 3711 est.

262 3764 373 3826 Docuit
397 3768 541 3828 Fichta'ur
561 3761 597 3824 τὸ
617 3767 682 3844 Ego
706 3769 870 3830 humanum
901 3787 970 3832 csse
992 3772 1127 3832 omnium
1158 3789 1209 3831 re·
