2664 4308
656 185 729 256 loo

177 397 246 456 aliis
274 397 505 475 cogitationibus
531 394 725 454 reconciliari
760 393 880 458 debeat.
937 396 1040 472 Quare
1069 388 1221 478 conditio

176 511 462 590 comprehendendi
484 513 613 570 maxime
637 511 807 570 necessaria
833 517 880 570 est
904 511 982 571 tides
1005 485 1212 591 plenltttlmdg

178 635 208 687 et
231 635 346 687 tantum
372 629 536 700 abest,‚ut
555 646 592 686 ex
614 646 649 686 eo
678 627 752 686 lidei
779 627 930 688 totalitate
955 630 1081 688 scientia
1109 629 1214 688 detri-

177 749 313 804 mentum
335 746 443 822 rapiat,
465 753 499 804 ut
521 744 588 824 ejus
611 743 732 802 demum
758 762 816 820 ope
848 747 1014 804 trecesaitas
1040 745 1207 806 dialectica

178 865 210 919 et
238 861 358 938 negatio
385 861 487 920 omnia
513 859 687 938 systematis
716 857 869 920 elementa
905 868 1071 938 penetrare
1099 865 1210 940 possit.

179 976 279 1054 nique
312 978 373 1049 ita,
409 976 664 1055 quemadmodum
691 976 786 1054 logica
815 978 967 1039 abstracta
989 979 1020 1038 in
1056 979 1213 1040 elementa

178 1095 306 1172 positiva
330 1095 456 1165 transit,
485 1113 564 1153 unare
586 1094 738 1154 elementa
764 1094 896 1172 positiva
916 1095 946 1152 in
968 1095 1211 1174 metaphysicam

176 1219 351 1270 concretam
365 1218 396 1272 et
420 1211 575 1288 empiriam
599 1211 816 1288 speculativam
838 1217 986 1284 transeat,
1009 1194 1209 1272 neceaseeat.

178 1325 237 1386 Ubi
259 1345 310 1386 res
331 1328 379 1385 rei
404 1332 533 1394 externo
555 1325 646 1386 modo
664 1326 799 1400 additur,
825 1335 923 1387 actum
946 1335 992 1388 est
1020 1347 1088 1390 cum
1109 1331 1213 1392 scien-

178 1447 233 1516 tia3
258 1445 360 1522 itaque
382 1445 412 1502 in
437 1443 632 1521 proverbium
646 1444 715 1502 fere
735 1444 818 1518 abiit,
841 1463 960 1504 omnem
982 1445 1212 1526 philosophiam

177 1581 194 1622 a
223 1560 389 1620 dubitando
421 1561 574 1638 incipere,
601 1560 702 1618 malim
727 1567 827 1620 tamon
852 1581 870 1620 a
898 1561 1038 1640 negando
1073 1562 1212 1637 dicatur3

177 1676 367 1754 dubitatlo¹)
399 1679 479 1736 arrim
509 1676 581 1736 fidei
606 1682 773 1754 repugnat,
800 1679 972 1756 negationis
992 1685 1093 1739 autem
1115 1688 1216 1757 atque

177 1795 393 1853 abstractionis
409 1795 614 1854 introcentiam
626 1793 688 1870 jam
706 1801 792 1852 antea
805 1790 1011 1856 defendimus.
1056 1795 1099 1855 Ut
1113 1796 1214 1873 igitur·

178 1917 363 1968 momentum
385 1911 602 1995 objectiaitatis
624 1911 765 1988 positivae
787 1929 842 1988 per
864 1911 953 1970 iidem
974 1912 1113 1971 absolata
1128 1931 1212 1992 pree-

177 2024 274 2098 valet,
299 2027 340 2084 ita
370 2043 427 2103 per
454 2025 646 2102 negationem
683 2024 767 2086 redit
803 2027 941 2088 absoluta
975 2027 1211 2108 subjectivitatia

178 2141 314 2211 libertas,
336 2162 403 2202 nam
426 2145 526 2202 omnia
545 2150 699 2202 momenta
721 2144 763 2202 ita
785 2143 922 2220 neganda
953 2156 1024 2202 suot
1047 2155 1078 2203 et
1101 2145 1211 2222 explo-

179 2258 324 2338 randa'),
345 2268 377 2318 ot
399 2279 437 2318 nc
458 2279 549 2320 uuum
573 2259 696 2336 quidem
722 2259 1100 2336 phoenomenonintactum
1114 2262 1211 2322 reliu-

178 2384 296 2454 qvatur.
342 2376 429 2452 Quod
452 2378 550 2454 logica
567 2376 690 2454 Hegelii
704 2377 854 2447 laudatur,
878 2376 959 2453 quod
984 2377 1024 2434 sit
1043 2375 1211 2436 subtilissi-

178 2513 241 2566 ma,
272 2495 341 2572 quia
372 2493 494 2571 negatio
528 2502 558 2550 et
595 2493 797 2552 contradictio
835 2491 1071 2553 fundamentalis
1105 2491 1211 2552 calcar

178 2609 370 2670 dialecticum
407 2613 503 2682 acuit,
539 2609 621 2668 idem
651 2612 681 2670 in
711 2607 883 2688 dogmatica
919 2628 1041 2689 quoque
1067 2610 1210 2670 scientim

177 2728 321 2798 recurrit,
341 2727 433 2786 modo
454 2739 538 2786 recta
558 2727 605 2786 via
629 2727 845 2804 ingrediamur.

261 2841 361 2902 Multo
396 2843 492 2920 major
526 2848 572 2900 est
611 2850 836 2902 momentorum
872 2845 928 2902 sibi
972 2845 1207 2922 opppositorum

178 2957 370 3040 profunditas
395 2961 424 3018 in
447 2959 617 3036 dogmatica
640 2959 816 3018 Christiana
838 2979 925 3038 quam
946 2960 977 3018 in
1000 2959 1208 3040 Panlngismo,

174 3127 507 3140 ham

246 3229 270 3292 1)
290 3226 445 3278 simulatam
472 3243 572 3296 quoque
597 3243 657 3279 csse
683 3243 740 3280 eam
759 3228 890 3280 dubitandi
913 3229 1040 3279 rationem
1058 3229 1209 3295 philosophi

293 3321 350 3382 jam
359 3324 530 3383 monuerunt.
556 3321 598 3370 Ita
609 3323 630 3371 1.
644 3324 674 3372 L.
688 3321 817 3386 Heilung:
836 3321 871 3374 Al
890 3323 957 3372 saud
976 3320 1125 3388 Pilosoplrie
1143 3337 1208 3376 mu

297 3413 388 3488 forano
418 3412 499 3474 begga
525 3412 554 3461 de
579 3413 612 3461 al'
632 3417 679 3464 Hr.
712 3417 866 3466 Martenseo
900 3415 1004 3466 nolonte
1031 3415 1206 3482 Valgsprog:

296 3503 479 3572 Gudsirygtea
496 3519 557 3554 maa
575 3506 623 3556 den
641 3508 710 3558 have
727 3507 735 3558 i
755 3509 791 3558 sit
809 3509 917 3575 aljano,
935 3508 1045 3560 Trivlen
1062 3507 1071 3558 i
1090 3508 1124 3559 sit
1142 3493 1206 3562 ilie.

299 3595 413 3645 Perseus
431 3600 480 3650 Νι.
503 3597 527 3648 1.
547 3614 571 3664 p.
590 3599 636 3654 41.

245 3683 271 3751 l)
290 3687 374 3745 onam
393 3689 596 3752 explorationem
623 3692 730 3744 Sitharn
756 3698 846 3744 noster
870 3709 967 3745 vocem
986 3693 1070 3744 solet:
1097 3691 1208 3744 diucit-

296 3777 455 3828 cminttende
473 3781 559 3829 Debet
573 3783 606 3830 ai
620 3785 666 3833 Ait
684 3785 752 3834 imod
772 3785 828 3855 Ait.
