2664 4308
582 215 665 284 ’133

104 429 184 490 alios
207 432 295 486 extra
317 439 352 482 se
375 422 495 501 positos
518 419 622 493 hatrat,
645 423 685 480 ita
701 425 734 480 nl
756 423 786 481 in
805 438 1037 482 summaeorum
1058 419 1140 482 nrrlln

104 547 147 604 ait
172 543 331 614 idealitas;
367 542 517 616 quatenns
546 543 646 596 autern
673 559 689 598 a
716 545 803 616 parto
832 537 925 599 ideali
951 544 1139 616 spectantur,

104 660 187 720 alter
219 658 347 718 alterius
376 655 468 714 vitam
502 654 532 712 in
560 671 594 712 se
616 654 740 732 recipit.
788 653 933 715 Solitaria
953 656 1045 732 igitur
1067 669 1140 714 cora-

106 774 234 835 acieatia
256 775 304 832 aui
327 771 418 830 realis
444 767 634 848 spiritualem
658 769 788 830 aliorum
811 771 978 831 animorum
1009 771 1140 848 plenitu-

106 891 210 950 dinem
233 888 376 968 percipit.
421 885 453 946 ln
482 883 610 962 singulis
638 887 731 963 igitur
752 887 949 946 immanentis
975 885 1140 946 identitatis

107 1012 141 1066 et
158 1005 310 1064 realitatis
334 1001 500 1081 quaerentia
522 1008 581 1062 est.
624 1001 685 1060 Sed
707 1022 742 1062 ea
760 981 954 1062 immanentis
974 1020 1096 1080 semper
1111 1003 1141 1060 iu

107 1123 345 1200 diacrepantiam
367 1101 605 1197 transitpmens
638 1123 718 1178 enirn
752 1127 900 1196 qnatenus
928 1119 1054 1179 realiter
1080 1119 1143 1178 exi-

107 1248 195 1300 stens
212 1240 336 1317 cogitat,
357 1235 582 1296 immanentiam
597 1233 704 1306 nanee
724 1243 871 1314 qnatenus
888 1245 986 1318 autem
1006 1236 1142 1314 cogitans

106 1354 235 1416 realiter
255 1355 369 1428 existit,
394 1353 474 1412 redit
497 1352 712 1429 discrepantia.
756 1352 832 1412 Nam
857 1372 925 1430 qraoe
946 1355 1143 1413 conscientiae

107 1471 187 1530 reali
219 1471 299 1530 inest
321 1469 481 1540 idealiter,
511 1468 547 1526 ad
573 1477 694 1546 ternpus
722 1469 813 1527 modo
838 1471 866 1528 ei
887 1469 1065 1530 corrcredita
1086 1479 1143 1542 est,

108 1589 249 1664 agnoscit
270 1587 393 1666 quidem
417 1604 503 1645 mens
520 1587 672 1662 cogitans,
701 1603 766 1644 eam
793 1583 957 1644 idealitatis
978 1585 1142 1664 plenitudi-

108 1723 182 1764 nem
204 1723 273 1762 esse
294 1703 461 1774 inlinitarn,
478 1720 629 1778 rruarqnam
654 1719 727 1758 vero
753 1721 819 1760 cam
847 1701 1017 1762 exhauriet.
1067 1701 1144 1762 Cura

110 1821 192 1880 etaim
215 1819 405 1878 conscientia
427 1819 474 1877 sni
498 1820 607 1892 realis,
637 1840 705 1898 qnae
727 1821 940 1899 negationem,
971 1827 1005 1878 ut
1028 1817 1144 1891 dicunt,

110 1944 201 1998 extra
222 1955 256 1995 se
279 1954 339 1994 non
362 1937 393 1994 in
416 1953 450 1994 sc
472 1935 582 2008 lrabet,
612 1937 775 1998 interitura
804 1939 860 1996 sit:
888 1923 1029 1996 idealitas
1056 1935 1144 1998 aliam

110 2053 331 2116 conscientiam
354 2051 400 2110 aui
424 2055 538 2112 realem
563 2073 715 2130 qrroerens,
734 2055 927 2113 identitatem
951 2055 998 2112 sui
1021 2072 1145 2112 servare

110 2177 252 2232 conatur.
302 2169 378 2227 Cum
404 2187 478 2226 vero
505 2161 640 2245 cujusvis
680 2170 878 2228 conscientiae
912 2168 1004 2228 realis
1038 2169 1145 2228 eadem

112 2303 182 2346 sors
202 2287 253 2358 sit,
277 2284 315 2344 ad
336 2285 477 2344 intimum
496 2285 587 2363 liujus
609 2287 733 2364 spiritus
758 2283 915 2344 recessum
941 2283 1145 2344 contradictio

113 2409 146 2462 et
168 2404 369 2480 repugnantia
393 2409 544 2480 penetrat.
589 2402 786 2461 Corrsoientia
807 2402 887 2460 etnim
905 2402 997 2462 realia
1021 2420 1146 2480 semper

114 2527 163 2580 est
180 2537 327 2597 organon,
348 2520 416 2577 sinc
438 2537 497 2596 quo
518 2521 644 2596 spiritus
668 2521 804 2578 exlatere
834 2537 894 2578 non
919 2526 1041 2597 potest,
1070 2519 1146 2578 alte-

114 2637 227 2697 rationi
251 2601 354 2695 aulem
372 2635 501 2694 infinitae
525 2635 661 2712 exposita
681 2637 821 2714 spiritum
845 2653 997 2713 nunqnam
1028 2635 1145 2714 capiet3

115 2753 171 2815 sed
191 2757 271 2814 ratio
292 2752 610 2813 incommensurabilis
634 2753 665 2810 in
688 2760 838 2810 aeternum
860 2755 1003 2813 manebit.

197 2873 273 2948 Quae
292 2891 359 2930 oum
379 2871 420 2929 ita
448 2872 519 2942 aiut,
543 2886 602 2927 non
626 2869 754 2947 amplius
775 2868 923 2928 contundi
951 2872 1068 2950 poterit
1091 2870 1147 2930 tri-

115 2990 193 3050 nitas
230 2989 429 3066 panlogistica
461 3005 529 3044 cum
564 2987 701 3045 trinitate
728 2987 946 3048 ecclesiastica.
1000 2987 1070 3048 Non
1096 2987 1147 3046 nic

112 3105 197 3165 Deua
220 3111 267 3164 eat
288 3112 375 3182 pater
397 3110 514 3175 noster,
536 3095 552 3162 ὃ
575 3095 669 3179 μόνος
686 3097 763 3181 ἔχων
782 3098 970 3176 ἀθανασίαν,
991 3102 1047 3160 aad
1064 3101 1146 3162 licus

115 3222 317 3293 temulentus,
350 3221 402 3299 qui
426 3239 495 3279 cum
518 3221 722 3298 cogitationes
744 3219 900 3296 dispersas
924 3218 1071 3296 colligere
1094 3236 1147 3278 ne-

116 3347 217 3420 queat,
240 3337 469 3416 inter'disjecta
490 3337 661 3394 existentiae
682 3335 853 3413 iragmcnta
876 3335 1060 3396 furibundus
1075 3337 1148 3395 titu-

8 3473 10 3488 *
116 3457 188 3528 bat;
211 3473 312 3532 neque
327 3455 409 3514 lilius
423 3461 616 3514 eetoeternus
632 3455 696 3526 ille,
720 3455 772 3531 qui
787 3455 914 3533 gloriam
933 3455 1012 3532 apud
1032 3458 1149 3531 patrem
1172 3459 1177 3470 '

115 3580 186 3634 aute
221 3571 366 3632 mundum
398 3572 555 3632 eonditum
587 3589 621 3628 re
649 3570 794 3630 habuisse
826 3571 979 3642 deelaral;
1008 3571 1063 3630 sed
1093 3571 1149 3629 iste

8 3741 9 3756 ι
116 3691 216 3762 lilius,
248 3709 339 3769 quem
362 3697 460 3768 pater,
481 3707 550 3747 cum
579 3689 745 3750 idealitatis
770 3697 803 3748 et
822 3691 972 3750 realitatis
997 3685 1151 3747 contradi·

115 3811 218 3870 ctione
240 3815 438 3888 pungeretur,
459 3809 577 3884 perluit,
599 3825 684 3883 spem
704 3809 800 3884 patria
824 3783 1015 3868 existc'ntiam
1028 3807 1150 3880 captan-
