2460 4178
547 119 597 187 27

53 330 183 392 omnise
203 328 264 389 iro'o
284 327 411 400 isoiunt,
437 331 550 386 norunt
578 324 723 405 quiden,
746 327 774 386 si
792 332 903 387 stotom
923 325 1016 404 hujus
1038 325 1083 384 ir·
1155 296 1159 301 ⁸

55 447 202 507 totteetns
228 442 440 522 respexerint,
469 459 577 502 omnes
603 443 670 522 ejus
689 443 809 522 regulos
829 461 899 502 esre
921 441 1084 501 sdmttten·

56 561 125 636 du,
142 561 328 638 iotoitigont,
342 561 369 620 si
381 560 555 638 opiniones,
572 577 642 636 quor
654 557 694 617 de
706 558 899 637 philosophis
912 565 944 617 ot
956 556 1085 616 historio

47 679 150 757 ‘volgo
169 677 325 750 feremur,
345 675 540 748 retinuerint,
557 681 619 734 tom
641 676 884 735 mediocritotem
905 693 976 734 esso
999 689 1083 732 oom-

55 792 271 866 mentiendum,
288 793 344 852 sed
352 798 464 852 statum
481 792 581 867 ipsum
590 797 737 850 mutotom
752 790 874 862 voiunt3
888 809 948 849 non
961 788 1083 868 Logioae

53 909 190 989 vuigoni·
213 909 307 988 teges,
327 907 382 968 sed
406 908 501 985 ipsam
525 906 668 986 Logioom
690 907 844 986 vuigsrem
870 906 1083 984 corrigendam

54 1027 237 1104 suscipiunt.
264 1058 305 1069 ·-
352 1023 428 1082 cum
467 1023 615 1103 Empirioi
643 1030 756 1095 nutem,
788 1021 966 1082 methodum
999 1040 1084 1081 soom

56 1161 193 1203 monoom
227 1150 259 1201 et
286 1139 449 1219 solivagam
476 1159 558 1214 esse,
592 1160 744 1220 nonquam
776 1140 834 1200 sibi
868 1138 1083 1218 perevrdesnt,

56 1277 149 1318 oouso
168 1265 227 1332 est,
256 1255 338 1336 quoti
367 1264 478 1316 statum
501 1258 599 1335 ipsum
631 1259 673 1330 (or
704 1255 758 1318 det
779 1257 851 1316 heio
874 1255 1083 1330 Stondpnnkt)

56 1395 120 1436 non
140 1380 264 1436 mutent.
307 1373 388 1451 Quid
421 1380 521 1433 sotem
547 1374 618 1432 intio
641 1374 801 1452 sequitur?
831 1372 900 1433 Hoc
926 1372 1082 1451 proiecto,

58 1493 221 1570 empirirm
251 1490 406 1569 vuigorem
438 1499 469 1548 et
501 1491 719 1568 speooiotivom
749 1494 878 1548 externo
908 1487 1000 1547 modo
1026 1488 1085 1547 sibi

58 1609 189 1669 invicem
211 1609 322 1686 opponi
344 1626 404 1666 non
426 1625 526 1684 posse,
548 1613 582 1664 nt
602 1607 734 1666 ortiiioio
763 1604 894 1683 quodem
916 1603 1085 1680 subjectivo

36 1805 39 1809 .
59 1733 292 1804 componuntur,
307 1724 380 1784 otios
395 1741 469 1782 sone
487 1723 638 1783 vacillatio
651 1724 912 1799 interutromque,
924 1718 1085 1797 sceptiois-

58 1861 153 1914 mum,
175 1843 226 1919 qni
248 1847 408 1918 utromque
437 1847 609 1913 everteret,
639 1846 837 1920 provocaret,
869 1836 923 1896 sed
957 1836 1085 1896 infinitis

57 1955 167 2030 modis,
189 1957 327 2016 omnibus
339 1957 414 2016 iocis
426 1959 570 2016 transitus
585 1957 621 2016 ob
637 1956 732 2016 nitere
747 1959 777 2016 in
793 1957 919 2016 niterom
940 1955 968 2014 vi
989 1954 1084 2033 ipsius

58 2075 107 2134 rei
115 2074 265 2152 oirjeotiro
273 2072 592 2133 tierietiieridebere.
617 2073 748 2152 Semper
761 2068 1086 2132 enimtoextrisseons

58 2185 96 2250 τὸ
123 2192 309 2250 intrinsecus
330 2192 468 2249 continet
480 2223 521 2234 -
535 2209 636 2268 neque
656 2198 757 2250 utrum
771 2190 883 2269 Logico
898 2189 1087 2266 speoniotivs

59 2307 177 2385 rotgeri
207 2304 404 2383 praeferatur,
431 2323 538 2376 neone,
559 2325 575 2365 ιι
596 2307 693 2364 iibero
720 2305 847 2372 arbitrio
871 2303 1006 2382 pendet,
1030 2301 1085 2361 sed
1129 2354 1132 2358 Α

59 2423 176 2501 Logi'os
198 2421 332 2499 rotgario
354 2427 413 2494 est,
435 2439 504 2498 quoe
525 2423 647 2500 qnando
670 2422 840 2498 perficitur,
865 2439 965 2499 neque
984 2426 1016 2482 in
1038 2421 1087 2481 vio

59 2538 162 2599 medio
180 2539 337 2617 persistit,
364 2538 395 2597 in
424 2537 567 2616 Logioam
594 2539 808 2631 speculativam
832 2537 933 2596 dinoot.
985 2538 1088 2615 Atque

60 2658 107 2716 ito
130 2655 257 2728 empirio
279 2655 466 2732 speculativo
485 2654 678 2714 identitatem
701 2655 747 2714 sui
771 2661 803 2713 et
824 2653 956 2733 vulgaris
981 2673 1087 2714 essen-

60 2771 165 2832 tioiem
192 2772 340 2848 agnoseit.
388 2769 462 2829 inde
484 2790 604 2848 quoque
626 2770 746 2844 elucet,
773 2790 862 2850 quom
890 2772 986 2831 iibern
1019 2789 1087 2831 esso

46 2867 158 2968 ¹possit
192 2887 325 2946 notionis
365 2887 560 2965 speculativae
592 2887 776 2948 efformatio.
838 2888 931 2948 Multi
965 2886 1087 2964 quidem

60 3005 216 3077 homines,
237 3003 357 3082 quondo
377 3006 471 3078 notio,
495 3003 614 3083 quondo
637 3013 770 3083 systema
786 3005 825 3065 iis
846 3003 1089 3074 commendatur,

60 3120 239 3192 obhorrent,
256 3126 441 3180 structuram
464 3140 584 3180 omnem
605 3122 764 3179 notionum
779 3119 957 3177 necessitati
974 3117 1087 3177 odstri·

61 3235 232 3297 otnmvelut
247 3243 427 3296 ormotnrsm
446 3237 593 3309 ferream,
608 3235 907 3324 horstiltrootnbiiem,
920 3205 1088 3294 houdtole-

61 3351 188 3412 robiiem
205 3350 411 3429 repudiantes.
443 3351 504 3412 Sed
526 3353 607 3413 huno
629 3353 762 3412 curreris
779 3339 966 3430 systematioi
978 3349 1088 3408 horro-

61 3473 210 3553 rem'non
230 3468 275 3527 rei
299 3474 418 3541 notura,
440 3469 496 3527 sed
519 3471 693 3547 imaginatio
715 3439 882 3547 subjective
903 3466 1089 3547 procrearit.

62 3586 204 3662 Syrterno
226 3602 330 3644 verum
355 3585 491 3664 postulat
517 3585 558 3644 id·
578 3585 721 3663 quidem,
751 3593 785 3645 ut
813 3587 954 3645 notiones
982 3591 1088 3643 nereo·

62 3702 151 3762 sorios
174 3707 345 3776 teneantur,
369 3700 423 3762 'sed
446 3721 535 3763 conso
557 3711 613 3776 est,
633 3704 704 3781 quio
724 3704 755 3762 in
779 3704 843 3782 ipso
860 3703 992 3763 vitarim
1005 3717 1089 3758 soom

380 3896 487 3927 flu.
