2640 4306
671 137 721 204 42

181 340 280 411 Meet
301 341 357 402 Me
378 345 408 404 in
429 343 495 420 ligo
512 343 633 414 transit,
651 359 775 419 semper
799 342 945 418 cogitatio
961 341 1058 402 altera
1078 344 1208 404 aiteram

181 459 304 535 excipit,
328 460 357 518 in
378 460 504 519 aiteram
527 459 709 530 resolvitur;
738 475 796 534 que
827 475 863 518 ox
890 465 976 534 parte
1004 461 1213 538 comprehen-

181 577 278 634 sionis
301 584 488 636 momentum
502 582 640 654 apparet,
664 575 898 651 oequeintuitio
920 575 1024 647 abest,
1045 595 1113 636 cum
1129 580 1212 638 enim

181 693 254 770 Ego
280 695 334 754 Me
355 695 482 771 aspicit,
511 691 626 770 aiiqnid
649 691 811 770 positivum
836 698 923 750 certe
944 691 1057 764 videat,
1081 713 1213 754 necesse

182 815 245 876 est;
267 811 340 869 aiios
353 812 433 870 enim
454 829 555 888 neque
578 807 652 886 quid
676 809 804 890 uitligo
826 809 954 886 percipi,
966 816 1057 886 atque
1075 812 1116 870 ite
1130 811 1215 872 uuita

180 929 226 986 sni
253 928 440 986 corrsoientia
455 945 524 986 esse
547 927 656 1005 potuit.
700 925 892 985 Momentum
915 943 988 984 vero
1016 928 1212 1002 positivitatia

179 1053 269 1122 atque
294 1044 465 1104 intuitionis
489 1011 696 1104 necessarium
719 1045 807 1113 e'sse,
829 1047 862 1100 ut
877 1041 1019 1100 realitate
1032 1043 1210 1121 implentur,

180 1163 273 1222 facite
295 1161 401 1236 liquet.
445 1161 601 1236 Quoeritur
621 1162 720 1232 euim,
742 1176 802 1238 quo
826 1157 1062 1236 comprehensio
1092 1163 1215 1222 contin-

181 1285 241 1356 gat,
266 1286 299 1336 ut
314 1279 413 1336 attero
431 1279 516 1354 quusi
535 1273 646 1339 mentis
668 1278 757 1336 ocuio
774 1281 917 1334 teneatur
934 1277 1092 1354 plenitudo
1104 1280 1213 1351 rectis,

182 1413 251 1470 quae
273 1391 413 1452 intioendi
433 1393 563 1453 incultas
586 1412 646 1454 non
669 1396 698 1452 in
716 1394 891 1452 uuiversum
914 1392 1024 1465 solum,
1045 1393 1212 1456 sedetiam

181 1510 211 1568 in
230 1509 359 1585 singuiis
374 1510 560 1582 notionibus,
581 1517 614 1570 ut
629 1529 732 1570 reram
746 1511 806 1568 vim
826 1511 1005 1568 intensivum
1020 1529 1215 1590 unaquaeque

180 1627 265 1686 notio
289 1626 434 1698 obtinent,
450 1627 616 1705 quaerenda
633 1634 692 1686 est.
736 1626 804 1686 Hoc
827 1627 875 1685 vei
905 1644 941 1684 ex
960 1627 1026 1703 ipsa
1052 1627 1215 1690 dialectice

181 1741 401 1822 progrediendi
424 1747 541 1803 ratione
563 1751 708 1822 apparet,
729 1761 854 1820 semper
876 1743 956 1800 enim
978 1745 1063 1802 notio
1086 1763 1155 1804 cum
1173 1763 1216 1806 ex

181 1859 428 1938 praecedentibur
448 1869 590 1931 eruatur,
610 1862 677 1920 aliis
702 1861 826 1920 vocibus
853 1861 1072 1938 praeformatur
1099 1869 1131 1922 et
1156 1863 1216 1922 de·

181 1978 329 2054 pingitur,
353 1982 384 2034 et
408 1985 470 2036 tum
492 1977 613 2036 demum
642 1980 678 2036 ed
707 1980 805 2056 ipsam
837 1975 905 2054 ejus
933 1977 1214 2040 denominationem

180 2114 283 2154 veram
307 2100 399 2171 atque
423 2097 625 2159 necessariam
649 2094 872 2172 progredimur.
919 2093 1217 2174 Curantembujus-

179 2211 263 2270 modi
292 2212 498 2271 denominatio
536 2209 681 2271 additur?
709 2210 875 2286 Proiecto,
919 2213 988 2290 quia
1015 2213 1215 2274 intuitionem

180 2331 329 2408 quandem
356 2330 503 2388 momenti
527 2329 649 2406 positivi
680 2337 712 2387 et
736 2329 877 2405 speciali·
905 2333 1059 2400 continet,
1087 2347 1156 2406 quoe
1179 2343 1217 2390 ut

179 2450 274 2526 ipsam
295 2444 546 2504 individualitatis
573 2445 671 2504 eciem
696 2446 831 2505 obtinent
844 2448 939 2520 notio,
960 2447 1134 2507 necessarie
1152 2457 1215 2508 eat.
1318 2493 1319 2506 ,

180 2563 283 2639 Quare
309 2562 339 2620 in
368 2562 432 2638 ipsa
459 2560 626 2638 Ontologia
657 2563 702 2620 ris
730 2563 903 2622 intuitioni·
939 2565 1064 2641 agnosci
1096 2571 1215 2642 potest.

179 2679 289 2738 Nonne
310 2697 377 2736 oum
393 2677 535 2746 docetur,
557 2697 625 2738 ease
643 2699 761 2758 purum
778 2679 810 2737 in
827 2680 903 2739 nihii
923 2681 1067 2751 transire,
1085 2681 1215 2742 aculeus

180 2795 360 2856 dialecticus
379 2794 480 2853 acrior
501 2811 570 2852 esse
595 2793 726 2867 videtur,
746 2815 838 2873 quam
853 2797 903 2856 ubi
919 2795 1091 2857 ostenditur
1108 2797 1213 2860 ideam

179 2915 287 2973 animm
307 2907 466 2970 mundanae
487 2911 517 2968 in
543 2909 642 2969 ideam
678 2930 821 2988 personae
850 2913 999 2972 absolutae
1029 2926 1088 2972 non
1119 2933 1214 2993 posse

179 3048 238 3088 non
261 3026 549 3104 transire'dNegari
573 3029 620 3086 rix
654 3034 776 3105 poteet;
804 3030 882 3087 ratio
910 3037 1011 3089 sutem
1044 3029 1137 3108 hrrjua
1165 3035 1213 3092 rei

179 3113 323 3205 non⁰tam
343 3146 380 3204 ad
407 3145 713 3221 comprehensionem
733 3165 821 3222 quem
838 3147 940 3223 potius
959 3146 996 3205 ad
1018 3148 1213 3212 intuitionem

136 3274 143 3288 ‘
178 3265 321 3344 pertinet.
371 3260 448 3320 Nem
473 3268 505 3320 ut
535 3263 765 3321 universitatem
795 3279 914 3334 rerum,
943 3263 1001 3321 nisi
1029 3283 1045 3321 a
1079 3282 1213 3341 perrona
1317 3265 1318 3300 i

177 3381 329 3440 contineri
352 3385 384 3437 et
407 3377 630 3454 comprehendi
662 3396 722 3436 non
758 3396 859 3456 posse,
893 3385 982 3438 recte
1016 3389 1212 3458 agnoscatur,

179 3497 334 3576 postulant
360 3504 394 3554 ut
417 3513 453 3552 en
469 3493 644 3552 immediata
667 3495 712 3552 vis
732 3495 903 3572 perraoneii
918 3496 1109 3573 experientia
1120 3516 1213 3557 unu·

179 3615 309 3694 quisque
344 3615 540 3675 assentiatur.
587 3613 697 3690 Neque
727 3612 786 3671 hoe
810 3614 925 3685 solum,
954 3611 1009 3671 sed
1033 3631 1128 3689 quum
1154 3613 1211 3673 liei

177 3734 304 3794 libertos
329 3731 467 3792 absoluta
487 3747 547 3788 non
568 3727 740 3788 realitatem
765 3729 857 3789 modo
884 3731 914 3789 in
941 3731 1131 3803 universum,
1153 3729 1211 3790 sed
