2460 4178
593 163 644 232 95

93 391 189 433 uena
213 371 329 431 lurtum
351 370 419 448 ipae
443 375 627 429 ccuatruerc
646 377 785 447 occurent,
809 377 1039 447 potentorum,
1061 390 1131 431 curn

95 488 192 548 litlcm
215 488 337 560 babeat,
357 485 477 564 qruaio
497 485 646 565 perlectae
663 487 693 544 ei
714 485 897 559 offeruntur,
917 486 956 547 iia
974 487 1132 557 delectari,

96 608 131 666 in
153 607 252 682 iirnuc
281 605 488 681 acquiescere.
538 603 694 680 Qvaerenti
719 609 820 662 autem
851 605 892 663 ita
914 606 1066 665 succurrit
1095 605 1131 664 ab

96 723 199 782 altera
221 727 308 799 parte
330 718 506 778 intellectae
526 727 558 778 et
575 719 704 798 empiria
726 725 864 790 extenta,
885 720 921 778 ab
936 721 1034 781 altera
1055 740 1131 780 vero

98 837 180 896 lirlca
204 837 281 894 aire.
298 837 428 914 empiria
456 838 587 898 interm.
645 834 765 912 Religio
794 833 968 895 Cbriatlana
1003 839 1131 915 pcaitlra

98 960 158 1025 ent,
177 960 265 1012 certo
287 961 439 1034 tempore,
466 955 558 1014 certia
580 952 810 1019 conditionibus
830 953 968 1011 externia
991 952 1131 1026 conditu

78 1070 313 1162 'inquirendum
338 1079 385 1130 eat
408 1072 502 1149 igitur
519 1072 549 1130 in
571 1069 755 1128 documenta
778 1069 844 1146 ejur
865 1069 1021 1140 historica,
1039 1076 1131 1147 atquc

97 1189 141 1248 lta
165 1189 195 1247 iu
217 1189 380 1260 rcriptnrae
399 1206 495 1247 aucroe
517 1187 729 1255 authentiam,
750 1189 968 1268 uriopr‘atr'am,
994 1191 1133 1267 integri-

98 1315 202 1368 tutam
233 1302 461 1363 examinandam
491 1303 702 1382 pervenimus,
734 1303 841 1380 quibua
869 1303 1131 1380 diaqviaitionibna

100 1424 175 1482 licet
188 1421 402 1480 mathematica
425 1419 628 1477 demonstrari
651 1435 711 1475 ncn
733 1419 839 1495 possit,
860 1420 1042 1496 scripturam
1063 1440 1132 1481 caua

99 1539 296 1617 puriaaimnm
328 1537 484 1614 religionis
514 1535 649 1603 fantem,
685 1531 721 1589 ad
748 1534 992 1610 probabilitatem
1030 1545 1130 1596 tamen

99 1656 258 1713 maximam
283 1628 376 1711 'evelti
407 1661 517 1730 potest.
567 1653 613 1712 Ea
642 1659 743 1710 autem
769 1649 983 1726 probabilitas,
1015 1651 1077 1710 lide
1101 1655 1131 1712 in

99 1787 190 1828 uuum
204 1775 320 1838 vocata,
344 1769 381 1827 ad
405 1769 621 1830 certitudinem
644 1768 813 1827 absolutam
831 1767 948 1827 tramit.
998 1769 1131 1830 Coracin-

100 1886 179 1945 tlerc
199 1886 280 1944 ctrina
301 1885 385 1956 licet,
415 1885 527 1958 Derim,
550 1885 700 1962 siqnidem
722 1883 942 1943 revelationem
966 1888 1054 1946 nobie
1077 1891 1130 1948 ub-

100 2003 217 2074 tulcrit‚
240 2001 321 2060 nella
343 2004 452 2074 etiam,
473 2012 507 2062 ut
532 2021 567 2061 eu
591 2002 771 2077 incorrupte
799 1999 837 2058 ad
861 2018 967 2060 cmnea
991 2002 1132 2064 baminea

100 2121 150 2180 ria
167 2118 318 2178 tntlaaima
333 2120 508 2199 perveniam
527 2137 595 2176 cnm
617 2135 690 2173 vero
713 2115 839 2175 traditio
854 2116 1021 2191 bominum,
1044 2140 1131 2198 qvam

101 2238 218 2296 cratem
240 2242 348 2294 vacant
367 2233 522 2310 theologi,
553 2233 644 2292 facile
665 2233 764 2303 lailot,
793 2233 881 2291 nobie
902 2235 1132 2310 persuademur,

100 2354 284 2431 scripturam
307 2369 376 2408 cuae
392 2368 497 2408 verum
519 2349 676 2427 religionis
689 2347 817 2406 fontem.
861 2347 1018 2428 Scriptura
1030 2360 1131 2413 antem

101 2472 167 2549 ipaa
195 2467 362 2546 dupliciter
390 2466 523 2544 spectari
548 2465 657 2536 debet,
682 2474 714 2522 et
736 2465 884 2524 biatcricc
913 2475 946 2527 ct
973 2471 1131 2544 religiose.

101 2587 129 2647 A
152 2593 241 2664 parte
261 2583 408 2642 bistcrica
427 2584 484 2642 arti
505 2582 622 2641 criticae
643 2581 799 2640 tractanda
827 2591 874 2640 eat
899 2584 1072 2660 scriptura,
1101 2595 1132 2644 et

102 2698 234 2761 concedi
250 2698 371 2777 quidem
387 2706 497 2776 potent,
519 2700 612 2758 multa
636 2699 675 2757 tic
692 2699 879 2778 singulorum
901 2700 1048 2761 librorum
1068 2705 1132 2764 cri-

102 2818 191 2896 gine‚
228 2816 268 2874 etc
294 2815 481 2893 alngnlaruna
511 2817 691 2875 relationum
726 2818 956 2895 incongruentia
985 2818 1132 2898 disputari

102 2940 194 3012 atquc
221 2933 252 2992 in
276 2932 416 3004 dubium,
442 2933 523 2994 aalva
548 2936 716 3012 religione,
747 2936 848 2993 vocari
876 2954 983 3012 porac3
1009 2944 1132 3011 aparte

102 3068 176 3109 rerc
198 3048 343 3127 religiosa
362 3049 472 3119 omnia,
497 3069 563 3127 qvae
580 3050 619 3108 dc
634 3050 698 3110 Dec
718 3056 884 3126 nostraque
907 3047 944 3107 ad
962 3068 1031 3107 eum
1052 3049 1131 3108 rela-

103 3169 188 3228 tione
216 3149 424 3245 iu'acriptnra
454 3166 623 3235 docemur,
654 3173 713 3223 tam
742 3163 896 3242 profunda
924 3171 955 3221 et
983 3166 1131 3241 praeclara

103 3299 184 3358 aunt,
205 3295 239 3343 ut
256 3282 485 3342 loculamentum
504 3281 573 3338 fluet
593 3281 797 3338 lirmiaaimum
810 3298 933 3356 aemper
946 3277 1132 3356 efficiam).

104 3400 233 3478 Quando
254 3400 348 3476 igitur
369 3398 434 3474 qaia
457 3405 561 3454 mente
589 3398 637 3474 pia
659 3396 805 3473 praeditus
827 3396 1011 3474 scripturam
1036 3399 1131 3475 prima

98 3573 452 3594 ——m

181 3670 208 3737 ¹)
226 3673 270 3721 Da
289 3670 338 3720 lca
352 3662 562 3734 protestantiake
573 3664 656 3717 Kirkc
674 3668 796 3714 uurmest
811 3664 955 3728 bagranrlar
967 3667 999 3717 rte
1015 3665 1134 3717 bibclakc

226 3764 327 3823 Bbgera
346 3759 475 3811 Anseclac
493 3769 544 3818 pat
563 3757 714 3820 tenuante,
731 3756 856 3808 bvcrraat
873 3759 904 3808 te
922 3759 980 3809 aelr
998 3758 1073 3808 vidue
1091 3773 1133 3808 orn
