<?xml version="1.0" encoding="UTF-8"?>
<!DOCTYPE html PUBLIC "-//W3C//DTD XHTML 1.0 Transitional//EN"
    "http://www.w3.org/TR/xhtml1/DTD/xhtml1-transitional.dtd">
<html xmlns="http://www.w3.org/1999/xhtml" xml:lang="en" lang="en">
 <head>
  <title>
</title>
<meta http-equiv="Content-Type" content="text/html;charset=utf-8" />
  <meta name='ocr-system' content='tesseract 3.04.00' />
  <meta name='ocr-capabilities' content='ocr_page ocr_carea ocr_par ocr_line ocrx_word'/>
</head>
<body>
  <div class='ocr_page' id='page_1' title='image "./despeculativahi00petegoog_0160.png"; bbox 0 0 2460 4178; ppageno 0'>
   <div class='ocr_carea' id='block_1_1' title="bbox 545 119 640 228">
    <p class='ocr_par' dir='ltr' id='par_1_1' title="bbox 545 119 640 228">
     <span class='ocr_line' id='line_1_1' title="bbox 545 119 640 228; baseline 0 -39"><span class='ocrx_word' id='word_1_1' title='bbox 545 119 640 228; x_wconf 69' lang='lat' dir='ltr'><strong>urs</strong></span> 
     </span>
    </p>
   </div>
   <div class='ocr_carea' id='block_1_2' title="bbox 59 323 1097 872">
    <p class='ocr_par' dir='ltr' id='par_1_2' title="bbox 59 323 1097 872">
     <span class='ocr_line' id='line_1_2' title="bbox 148 323 1095 406; baseline -0.008 -16"><span class='ocrx_word' id='word_1_2' title='bbox 148 328 282 399; x_wconf 82' lang='lat' dir='ltr'><strong>Omnes,</strong></span> <span class='ocrx_word' id='word_1_3' title='bbox 309 344 380 406; x_wconf 77' lang='lat' dir='ltr'><strong>qnae</strong></span> <span class='ocrx_word' id='word_1_4' title='bbox 404 327 434 385; x_wconf 88' lang='lat' dir='ltr'><strong>in</strong></span> <span class='ocrx_word' id='word_1_5' title='bbox 457 323 587 386; x_wconf 80' lang='lat' dir='ltr'><strong>aeclesia</strong></span> <span class='ocrx_word' id='word_1_6' title='bbox 615 343 650 384; x_wconf 88' lang='lat' dir='ltr'><strong>sa</strong></span> <span class='ocrx_word' id='word_1_7' title='bbox 679 325 809 385; x_wconf 72' lang='lat' dir='ltr'><strong>invice·</strong></span> <span class='ocrx_word' id='word_1_8' title='bbox 837 324 1010 401; x_wconf 81' lang='lat' dir='ltr'><strong>excipiunt,</strong></span> <span class='ocrx_word' id='word_1_9' title='bbox 1039 324 1095 383; x_wconf 90' lang='lat' dir='ltr'><strong>llo·</strong></span> 
     </span>
     <span class='ocr_line' id='line_1_3' title="bbox 59 440 1096 521; baseline -0.004 -16"><span class='ocrx_word' id='word_1_10' title='bbox 59 445 237 505; x_wconf 81' lang='lat' dir='ltr'><strong>etoatiorea</strong></span> <span class='ocrx_word' id='word_1_11' title='bbox 256 445 339 504; x_wconf 88' lang='lat' dir='ltr'><strong>inter</strong></span> <span class='ocrx_word' id='word_1_12' title='bbox 358 442 474 502; x_wconf 88' lang='lat' dir='ltr'><strong>realem</strong></span> <span class='ocrx_word' id='word_1_13' title='bbox 497 441 737 521; x_wconf 80' lang='lat' dir='ltr'><strong>objeutviratem</strong></span> <span class='ocrx_word' id='word_1_14' title='bbox 761 449 794 501; x_wconf 88' lang='lat' dir='ltr'><strong>et</strong></span> <span class='ocrx_word' id='word_1_15' title='bbox 808 441 991 501; x_wconf 69' lang='lat' dir='ltr'><strong>obstructam</strong></span> <span class='ocrx_word' id='word_1_16' title='bbox 1012 440 1096 501; x_wconf 89' lang='lat' dir='ltr'><strong>idea·</strong></span> 
     </span>
     <span class='ocr_line' id='line_1_4' title="bbox 59 537 1097 636; baseline -0.003 -18"><span class='ocrx_word' id='word_1_17' title='bbox 59 561 193 630; x_wconf 86' lang='lat' dir='ltr'><strong>litatem,</strong></span> <span class='ocrx_word' id='word_1_18' title='bbox 214 559 367 630; x_wconf 83' lang='lat' dir='ltr'><strong>eilieinnt,</strong></span> <span class='ocrx_word' id='word_1_19' title='bbox 390 566 423 619; x_wconf 94' lang='grc' dir='ltr'><strong>ιιι</strong></span> <span class='ocrx_word' id='word_1_20' title='bbox 437 559 647 620; x_wconf 89' lang='lat' dir='ltr'><strong>reconciliatio</strong></span> <span class='ocrx_word' id='word_1_21' title='bbox 659 560 820 636; x_wconf 88' lang='lat' dir='ltr'><strong>utriusque</strong></span> <span class='ocrx_word' id='word_1_22' title='bbox 835 559 993 627; x_wconf 76' lang='lat' dir='ltr'><strong>momenti,</strong></span> <span class='ocrx_word' id='word_1_23' title='bbox 1014 537 1097 616; x_wconf 83' lang='lat' dir='ltr'><strong>com·</strong></span> 
     </span>
     <span class='ocr_line' id='line_1_5' title="bbox 61 674 1097 756; baseline -0.005 -19"><span class='ocrx_word' id='word_1_24' title='bbox 61 677 298 756; x_wconf 88' lang='lat' dir='ltr'><strong>prebausionis,</strong></span> <span class='ocrx_word' id='word_1_25' title='bbox 316 677 449 754; x_wconf 79' lang='lat' dir='ltr'><strong>iuquam,</strong></span> <span class='ocrx_word' id='word_1_26' title='bbox 467 681 500 735; x_wconf 89' lang='lat' dir='ltr'><strong>et</strong></span> <span class='ocrx_word' id='word_1_27' title='bbox 515 676 698 747; x_wconf 88' lang='lat' dir='ltr'><strong>intuitionis,</strong></span> <span class='ocrx_word' id='word_1_28' title='bbox 720 674 904 752; x_wconf 77' lang='lat' dir='ltr'><strong>profundior</strong></span> <span class='ocrx_word' id='word_1_29' title='bbox 919 674 1017 733; x_wconf 83' lang='lat' dir='ltr'><strong>indies</strong></span> <span class='ocrx_word' id='word_1_30' title='bbox 1035 675 1097 734; x_wconf 87' lang='lat' dir='ltr'><strong>liat.</strong></span> 
     </span>
     <span class='ocr_line' id='line_1_6' title="bbox 61 789 1095 872; baseline -0.006 -18"><span class='ocrx_word' id='word_1_31' title='bbox 61 793 262 869; x_wconf 32' lang='lat' dir='ltr'><strong>Quare-cnm</strong></span> <span class='ocrx_word' id='word_1_32' title='bbox 294 793 479 872; x_wconf 68' lang='lat' dir='ltr'><strong>aliquamdiu</strong></span> <span class='ocrx_word' id='word_1_33' title='bbox 508 793 568 852; x_wconf 88' lang='lat' dir='ltr'><strong>boc</strong></span> <span class='ocrx_word' id='word_1_34' title='bbox 595 793 807 869; x_wconf 86' lang='lat' dir='ltr'><strong>praernlnerit,</strong></span> <span class='ocrx_word' id='word_1_35' title='bbox 840 789 915 849; x_wconf 89' lang='lat' dir='ltr'><strong>illud</strong></span> <span class='ocrx_word' id='word_1_36' title='bbox 944 800 1095 868; x_wconf 73' lang='lat' dir='ltr'><strong>emergat,</strong></span> 
     </span>
    </p>
   </div>
   <div class='ocr_carea' id='block_1_3' title="bbox 64 878 469 996">
    <p class='ocr_par' dir='ltr' id='par_1_3' title="bbox 64 878 469 996">
     <span class='ocr_line' id='line_1_7' title="bbox 64 878 469 996; baseline -0.002 -28"><span class='ocrx_word' id='word_1_37' title='bbox 64 916 97 996; x_wconf 81' lang='lat' dir='ltr'><strong>et</strong></span> <span class='ocrx_word' id='word_1_38' title='bbox 118 927 228 969; x_wconf 90' lang='lat' dir='ltr'><strong>rursus</strong></span> <span class='ocrx_word' id='word_1_39' title='bbox 248 878 469 969; x_wconf 81' lang='lat' dir='ltr'><strong>moderabitur.</strong></span> 
     </span>
    </p>
   </div>
   <div class='ocr_carea' id='block_1_4' title="bbox 24 1022 1096 3815">
    <p class='ocr_par' dir='ltr' id='par_1_4' title="bbox 24 1022 1096 3815">
     <span class='ocr_line' id='line_1_8' title="bbox 149 1022 1094 1104; baseline -0.003 -19"><span class='ocrx_word' id='word_1_40' title='bbox 149 1025 238 1085; x_wconf 87' lang='lat' dir='ltr'><strong>llatio</strong></span> <span class='ocrx_word' id='word_1_41' title='bbox 258 1025 339 1085; x_wconf 87' lang='lat' dir='ltr'><strong>enim</strong></span> <span class='ocrx_word' id='word_1_42' title='bbox 362 1025 581 1102; x_wconf 79' lang='lat' dir='ltr'><strong>progrediendi</strong></span> <span class='ocrx_word' id='word_1_43' title='bbox 600 1044 726 1104; x_wconf 81' lang='lat' dir='ltr'><strong>semper</strong></span> <span class='ocrx_word' id='word_1_44' title='bbox 745 1043 782 1084; x_wconf 85' lang='lat' dir='ltr'><strong>ea</strong></span> <span class='ocrx_word' id='word_1_45' title='bbox 800 1035 858 1098; x_wconf 88' lang='lat' dir='ltr'><strong>est,</strong></span> <span class='ocrx_word' id='word_1_46' title='bbox 881 1030 914 1084; x_wconf 93' lang='lat' dir='ltr'><strong>nt</strong></span> <span class='ocrx_word' id='word_1_47' title='bbox 934 1044 991 1102; x_wconf 89' lang='lat' dir='ltr'><strong>per</strong></span> <span class='ocrx_word' id='word_1_48' title='bbox 1010 1022 1094 1102; x_wconf 83' lang='lat' dir='ltr'><strong>pbaa·</strong></span> 
     </span>
     <span class='ocr_line' id='line_1_9' title="bbox 64 1139 1095 1220; baseline -0.005 -17"><span class='ocrx_word' id='word_1_49' title='bbox 64 1159 195 1203; x_wconf 82' lang='lat' dir='ltr'><strong>nomana</strong></span> <span class='ocrx_word' id='word_1_50' title='bbox 222 1143 293 1201; x_wconf 78' lang='lat' dir='ltr'><strong>ritae</strong></span> <span class='ocrx_word' id='word_1_51' title='bbox 324 1139 461 1218; x_wconf 75' lang='lat' dir='ltr'><strong>neganda</strong></span> <span class='ocrx_word' id='word_1_52' title='bbox 488 1142 670 1202; x_wconf 86' lang='lat' dir='ltr'><strong>ellormetnr</strong></span> <span class='ocrx_word' id='word_1_53' title='bbox 693 1142 838 1220; x_wconf 87' lang='lat' dir='ltr'><strong>spiritns;</strong></span> <span class='ocrx_word' id='word_1_54' title='bbox 869 1159 924 1219; x_wconf 90' lang='lat' dir='ltr'><strong>per</strong></span> <span class='ocrx_word' id='word_1_55' title='bbox 951 1141 1095 1217; x_wconf 89' lang='lat' dir='ltr'><strong>spiritum</strong></span> 
     </span>
     <span class='ocr_line' id='line_1_10' title="bbox 63 1256 1094 1336; baseline -0.002 -19"><span class='ocrx_word' id='word_1_56' title='bbox 63 1276 140 1319; x_wconf 84' lang='lat' dir='ltr'><strong>sero</strong></span> <span class='ocrx_word' id='word_1_57' title='bbox 160 1258 352 1336; x_wconf 86' lang='lat' dir='ltr'><strong>explicentur</strong></span> <span class='ocrx_word' id='word_1_58' title='bbox 374 1275 480 1318; x_wconf 85' lang='lat' dir='ltr'><strong>omues</strong></span> <span class='ocrx_word' id='word_1_59' title='bbox 502 1262 593 1320; x_wconf 82' lang='lat' dir='ltr'><strong>resin</strong></span> <span class='ocrx_word' id='word_1_60' title='bbox 616 1260 699 1321; x_wconf 82' lang='lat' dir='ltr'><strong>lucto</strong></span> <span class='ocrx_word' id='word_1_61' title='bbox 722 1260 847 1336; x_wconf 82' lang='lat' dir='ltr'><strong>positae3</strong></span> <span class='ocrx_word' id='word_1_62' title='bbox 870 1264 918 1328; x_wconf 86' lang='lat' dir='ltr'><strong>ut,</strong></span> <span class='ocrx_word' id='word_1_63' title='bbox 942 1256 1094 1335; x_wconf 85' lang='lat' dir='ltr'><strong>qnalissit</strong></span> 
     </span>
     <span class='ocr_line' id='line_1_11' title="bbox 64 1374 1096 1454; baseline -0.005 -18"><span class='ocrx_word' id='word_1_64' title='bbox 64 1375 208 1454; x_wconf 85' lang='lat' dir='ltr'><strong>apiritos,</strong></span> <span class='ocrx_word' id='word_1_65' title='bbox 226 1374 578 1453; x_wconf 78' lang='lat' dir='ltr'><strong>taliapbaeuomenorum</strong></span> <span class='ocrx_word' id='word_1_66' title='bbox 591 1377 816 1454; x_wconf 73' lang='lat' dir='ltr'><strong>interpretatio.</strong></span> <span class='ocrx_word' id='word_1_67' title='bbox 859 1375 964 1451; x_wconf 85' lang='lat' dir='ltr'><strong>ltaque</strong></span> <span class='ocrx_word' id='word_1_68' title='bbox 973 1392 1096 1452; x_wconf 86' lang='lat' dir='ltr'><strong>semper</strong></span> 
     </span>
     <span class='ocr_line' id='line_1_12' title="bbox 64 1461 1095 1570; baseline -0.008 -16"><span class='ocrx_word' id='word_1_69' title='bbox 64 1488 216 1554; x_wconf 83' lang='lat' dir='ltr'><strong>audienda</strong></span> <span class='ocrx_word' id='word_1_70' title='bbox 228 1501 276 1553; x_wconf 88' lang='lat' dir='ltr'><strong>est</strong></span> <span class='ocrx_word' id='word_1_71' title='bbox 292 1492 341 1552; x_wconf 91' lang='lat' dir='ltr'><strong>illa</strong></span> <span class='ocrx_word' id='word_1_72' title='bbox 362 1490 528 1552; x_wconf 77' lang='lat' dir='ltr'><strong>admonitio</strong></span> <span class='ocrx_word' id='word_1_73' title='bbox 543 1461 726 1570; x_wconf 82' lang='lat' dir='ltr'><strong>apostolica:</strong></span> <span class='ocrx_word' id='word_1_74' title='bbox 743 1485 920 1570; x_wconf 75' lang='grc' dir='ltr'>Ἀγαπηιοὶ,</span> <span class='ocrx_word' id='word_1_75' title='bbox 940 1485 984 1567; x_wconf 80' lang='grc' dir='ltr'><strong>μὴ</strong></span> <span class='ocrx_word' id='word_1_76' title='bbox 1005 1487 1095 1549; x_wconf 75' lang='grc' dir='ltr'><strong><em>παντὶ</em></strong></span> 
     </span>
     <span class='ocr_line' id='line_1_13' title="bbox 64 1599 1093 1686; baseline 0 -18"><span class='ocrx_word' id='word_1_77' title='bbox 64 1605 212 1686; x_wconf 75' lang='grc' dir='ltr'>πνέυματι</span> <span class='ocrx_word' id='word_1_78' title='bbox 235 1605 377 1680; x_wconf 76' lang='grc' dir='ltr'>πιςέυετε,</span> <span class='ocrx_word' id='word_1_79' title='bbox 410 1603 488 1668; x_wconf 79' lang='grc' dir='ltr'><strong>ἀλλὰ</strong></span> <span class='ocrx_word' id='word_1_80' title='bbox 505 1601 680 1686; x_wconf 77' lang='grc' dir='ltr'>δοκιμάζετε</span> <span class='ocrx_word' id='word_1_81' title='bbox 700 1603 741 1667; x_wconf 80' lang='grc' dir='ltr'><strong>τὰ</strong></span> <span class='ocrx_word' id='word_1_82' title='bbox 759 1599 927 1684; x_wconf 77' lang='grc' dir='ltr'><em>πνεύματα,</em></span> <span class='ocrx_word' id='word_1_83' title='bbox 958 1605 984 1665; x_wconf 79' lang='lat' dir='ltr'><strong>el</strong></span> <span class='ocrx_word' id='word_1_84' title='bbox 1001 1605 1034 1666; x_wconf 74' lang='lat' dir='ltr'><strong>ln</strong></span> <span class='ocrx_word' id='word_1_85' title='bbox 1055 1607 1093 1668; x_wconf 73' lang='grc' dir='ltr'><strong>τῦ</strong></span> 
     </span>
     <span class='ocr_line' id='line_1_14' title="bbox 63 1723 1093 1815; baseline -0.003 -31"><span class='ocrx_word' id='word_1_86' title='bbox 63 1725 124 1787; x_wconf 67' lang='lat' dir='ltr'><strong>deti</strong></span> <span class='ocrx_word' id='word_1_87' title='bbox 144 1723 236 1786; x_wconf 68' lang='grc' dir='ltr'>ἔστιν.</span> <span class='ocrx_word' id='word_1_88' title='bbox 280 1725 466 1802; x_wconf 81' lang='lat' dir='ltr'><strong>Explorator</strong></span> <span class='ocrx_word' id='word_1_89' title='bbox 485 1734 587 1815; x_wconf 83' lang='lat' dir='ltr'><strong>antem</strong></span> <span class='ocrx_word' id='word_1_90' title='bbox 611 1727 739 1802; x_wconf 88' lang='lat' dir='ltr'><strong>spiritus</strong></span> <span class='ocrx_word' id='word_1_91' title='bbox 762 1725 997 1801; x_wconf 87' lang='lat' dir='ltr'><strong>perspiritum,</strong></span> <span class='ocrx_word' id='word_1_92' title='bbox 1024 1742 1093 1781; x_wconf 92' lang='lat' dir='ltr'><strong>cnm</strong></span> 
     </span>
     <span class='ocr_line' id='line_1_15' title="bbox 65 1841 1094 1919; baseline -0.001 -19"><span class='ocrx_word' id='word_1_93' title='bbox 65 1860 172 1902; x_wconf 83' lang='lat' dir='ltr'><strong>rernm</strong></span> <span class='ocrx_word' id='word_1_94' title='bbox 192 1842 234 1901; x_wconf 91' lang='lat' dir='ltr'><strong>sit</strong></span> <span class='ocrx_word' id='word_1_95' title='bbox 251 1842 344 1900; x_wconf 84' lang='lat' dir='ltr'><strong>index</strong></span> <span class='ocrx_word' id='word_1_96' title='bbox 366 1843 414 1900; x_wconf 91' lang='lat' dir='ltr'><strong>sni</strong></span> <span class='ocrx_word' id='word_1_97' title='bbox 436 1849 468 1901; x_wconf 91' lang='lat' dir='ltr'><strong>et</strong></span> <span class='ocrx_word' id='word_1_98' title='bbox 488 1842 568 1912; x_wconf 79' lang='lat' dir='ltr'><strong>falsi,</strong></span> <span class='ocrx_word' id='word_1_99' title='bbox 587 1850 678 1919; x_wconf 82' lang='lat' dir='ltr'><strong>atque</strong></span> <span class='ocrx_word' id='word_1_100' title='bbox 702 1842 792 1900; x_wconf 80' lang='lat' dir='ltr'><strong>itaer</strong></span> <span class='ocrx_word' id='word_1_101' title='bbox 809 1841 866 1899; x_wconf 89' lang='lat' dir='ltr'><strong>bac</strong></span> <span class='ocrx_word' id='word_1_102' title='bbox 884 1841 1094 1919; x_wconf 74' lang='lat' dir='ltr'><strong>exploratione</strong></span> 
     </span>
     <span class='ocr_line' id='line_1_16' title="bbox 66 1958 1092 2038; baseline 0.002 -23"><span class='ocrx_word' id='word_1_103' title='bbox 66 1959 223 2018; x_wconf 70' lang='lat' dir='ltr'><strong>victoriam</strong></span> <span class='ocrx_word' id='word_1_104' title='bbox 251 1977 374 2036; x_wconf 77' lang='lat' dir='ltr'><strong>semper</strong></span> <span class='ocrx_word' id='word_1_105' title='bbox 400 1958 573 2038; x_wconf 78' lang='lat' dir='ltr'><strong>reportabit</strong></span> <span class='ocrx_word' id='word_1_106' title='bbox 599 1960 727 2035; x_wconf 87' lang='lat' dir='ltr'><strong>spiritua</strong></span> <span class='ocrx_word' id='word_1_107' title='bbox 756 1959 905 2017; x_wconf 77' lang='lat' dir='ltr'><strong>libertatis</strong></span> <span class='ocrx_word' id='word_1_108' title='bbox 930 1967 962 2016; x_wconf 87' lang='lat' dir='ltr'><strong>et</strong></span> <span class='ocrx_word' id='word_1_109' title='bbox 989 1977 1092 2036; x_wconf 65' lang='lat' dir='ltr'><strong>perso</strong></span> 
     </span>
     <span class='ocr_line' id='line_1_17' title="bbox 66 2073 1094 2152; baseline -0.004 -16"><span class='ocrx_word' id='word_1_110' title='bbox 66 2075 198 2136; x_wconf 80' lang='lat' dir='ltr'><strong>uniltatis</strong></span> <span class='ocrx_word' id='word_1_111' title='bbox 209 2074 369 2137; x_wconf 79' lang='lat' dir='ltr'><strong>absolutae.</strong></span> <span class='ocrx_word' id='word_1_112' title='bbox 410 2073 453 2134; x_wconf 89' lang='lat' dir='ltr'><strong>lta</strong></span> <span class='ocrx_word' id='word_1_113' title='bbox 464 2082 567 2134; x_wconf 90' lang='lat' dir='ltr'><strong>antem</strong></span> <span class='ocrx_word' id='word_1_114' title='bbox 579 2075 748 2152; x_wconf 75' lang='lat' dir='ltr'><strong>apparebit,</strong></span> <span class='ocrx_word' id='word_1_115' title='bbox 763 2075 944 2152; x_wconf 85' lang='lat' dir='ltr'><strong>principium</strong></span> <span class='ocrx_word' id='word_1_116' title='bbox 957 2074 1094 2133; x_wconf 82' lang='lat' dir='ltr'><strong>lristoriae</strong></span> 
     </span>
     <span class='ocr_line' id='line_1_18' title="bbox 64 2157 1092 2255; baseline -0.007 0"><span class='ocrx_word' id='word_1_117' title='bbox 64 2213 161 2255; x_wconf 79' lang='lat' dir='ltr'><strong>aacroe</strong></span> <span class='ocrx_word' id='word_1_118' title='bbox 183 2213 253 2252; x_wconf 83' lang='lat' dir='ltr'><strong>esse</strong></span> <span class='ocrx_word' id='word_1_119' title='bbox 278 2157 589 2252; x_wconf 78' lang='lat' dir='ltr'><strong>accommodationem</strong></span> <span class='ocrx_word' id='word_1_120' title='bbox 616 2192 670 2250; x_wconf 84' lang='lat' dir='ltr'><strong>llei</strong></span> <span class='ocrx_word' id='word_1_121' title='bbox 693 2191 902 2249; x_wconf 84' lang='lat' dir='ltr'><strong>rectissimam.</strong></span> <span class='ocrx_word' id='word_1_122' title='bbox 951 2191 1033 2249; x_wconf 86' lang='lat' dir='ltr'><strong>Dens</strong></span> <span class='ocrx_word' id='word_1_123' title='bbox 1056 2191 1092 2249; x_wconf 91' lang='lat' dir='ltr'><strong>ab</strong></span> 
     </span>
     <span class='ocr_line' id='line_1_19' title="bbox 66 2305 1092 2379; baseline -0.007 -9"><span class='ocrx_word' id='word_1_124' title='bbox 66 2318 184 2370; x_wconf 88' lang='lat' dir='ltr'><strong>retarno</strong></span> <span class='ocrx_word' id='word_1_125' title='bbox 205 2309 276 2368; x_wconf 88' lang='lat' dir='ltr'><strong>inde</strong></span> <span class='ocrx_word' id='word_1_126' title='bbox 300 2308 450 2367; x_wconf 87' lang='lat' dir='ltr'><strong>libertatis</strong></span> <span class='ocrx_word' id='word_1_127' title='bbox 472 2310 620 2368; x_wconf 78' lang='lat' dir='ltr'><strong>absolutae</strong></span> <span class='ocrx_word' id='word_1_128' title='bbox 643 2308 701 2368; x_wconf 89' lang='lat' dir='ltr'><strong>sibi</strong></span> <span class='ocrx_word' id='word_1_129' title='bbox 723 2309 880 2379; x_wconf 91' lang='lat' dir='ltr'><strong>conscias,</strong></span> <span class='ocrx_word' id='word_1_130' title='bbox 908 2306 1035 2367; x_wconf 88' lang='lat' dir='ltr'><strong>consilia</strong></span> <span class='ocrx_word' id='word_1_131' title='bbox 1053 2305 1092 2365; x_wconf 86' lang='lat' dir='ltr'><strong>da</strong></span> 
     </span>
     <span class='ocr_line' id='line_1_20' title="bbox 34 2422 1092 2504; baseline -0.008 -15"><span class='ocrx_word' id='word_1_132' title='bbox 34 2462 38 2466; x_wconf 44' lang='lat'><strong><em>⁴</em></strong></span> <span class='ocrx_word' id='word_1_133' title='bbox 64 2427 210 2489; x_wconf 85' lang='lat' dir='ltr'><strong>libertate</strong></span> <span class='ocrx_word' id='word_1_134' title='bbox 232 2434 265 2484; x_wconf 88' lang='lat' dir='ltr'><strong>et</strong></span> <span class='ocrx_word' id='word_1_135' title='bbox 286 2427 506 2504; x_wconf 85' lang='lat' dir='ltr'><strong>personalitate</strong></span> <span class='ocrx_word' id='word_1_136' title='bbox 528 2427 657 2487; x_wconf 87' lang='lat' dir='ltr'><strong>bumana</strong></span> <span class='ocrx_word' id='word_1_137' title='bbox 679 2422 973 2502; x_wconf 85' lang='lat' dir='ltr'><strong>efformanducepit,</strong></span> <span class='ocrx_word' id='word_1_138' title='bbox 997 2442 1092 2502; x_wconf 89' lang='lat' dir='ltr'><strong>qnare</strong></span> 
     </span>
     <span class='ocr_line' id='line_1_21' title="bbox 66 2516 1093 2624; baseline -0.004 -19"><span class='ocrx_word' id='word_1_139' title='bbox 66 2563 134 2624; x_wconf 77' lang='lat' dir='ltr'><strong>pura</strong></span> <span class='ocrx_word' id='word_1_140' title='bbox 157 2516 298 2603; x_wconf 86' lang='lat' dir='ltr'><strong>homines</strong></span> <span class='ocrx_word' id='word_1_141' title='bbox 317 2562 374 2622; x_wconf 92' lang='lat' dir='ltr'><strong>pro</strong></span> <span class='ocrx_word' id='word_1_142' title='bbox 393 2543 503 2603; x_wconf 85' lang='lat' dir='ltr'><strong>divinis</strong></span> <span class='ocrx_word' id='word_1_143' title='bbox 527 2543 647 2603; x_wconf 78' lang='lat' dir='ltr'><strong>auxiliis</strong></span> <span class='ocrx_word' id='word_1_144' title='bbox 670 2543 726 2603; x_wconf 85' lang='lat' dir='ltr'><strong>lrac</strong></span> <span class='ocrx_word' id='word_1_145' title='bbox 746 2560 783 2600; x_wconf 81' lang='lat' dir='ltr'><strong>ex</strong></span> <span class='ocrx_word' id='word_1_146' title='bbox 812 2551 899 2620; x_wconf 87' lang='lat' dir='ltr'><strong>parte</strong></span> <span class='ocrx_word' id='word_1_147' title='bbox 917 2540 1093 2620; x_wconf 82' lang='lat' dir='ltr'><strong>spectandis</strong></span> 
     </span>
     <span class='ocr_line' id='line_1_22' title="bbox 65 2657 1093 2739; baseline -0.005 -17"><span class='ocrx_word' id='word_1_148' title='bbox 65 2681 127 2723; x_wconf 90' lang='lat' dir='ltr'><strong>nou</strong></span> <span class='ocrx_word' id='word_1_149' title='bbox 148 2667 275 2739; x_wconf 85' lang='lat' dir='ltr'><strong>possunt</strong></span> <span class='ocrx_word' id='word_1_150' title='bbox 297 2660 507 2734; x_wconf 79' lang='lat' dir='ltr'><strong>nourinberc,</strong></span> <span class='ocrx_word' id='word_1_151' title='bbox 529 2681 639 2723; x_wconf 85' lang='lat' dir='ltr'><strong>revera</strong></span> <span class='ocrx_word' id='word_1_152' title='bbox 661 2661 751 2720; x_wconf 88' lang='lat' dir='ltr'><strong>etiam</strong></span> <span class='ocrx_word' id='word_1_153' title='bbox 780 2664 817 2720; x_wconf 88' lang='lat' dir='ltr'><strong>ad</strong></span> <span class='ocrx_word' id='word_1_154' title='bbox 841 2659 968 2719; x_wconf 88' lang='lat' dir='ltr'><strong>consilia</strong></span> <span class='ocrx_word' id='word_1_155' title='bbox 993 2657 1093 2718; x_wconf 81' lang='lat' dir='ltr'><strong>divina</strong></span> 
     </span>
     <span class='ocr_line' id='line_1_23' title="bbox 65 2776 1093 2858; baseline -0.002 -21"><span class='ocrx_word' id='word_1_156' title='bbox 65 2779 252 2858; x_wconf 84' lang='lat' dir='ltr'><strong>pertinuisse</strong></span> <span class='ocrx_word' id='word_1_157' title='bbox 280 2782 413 2858; x_wconf 89' lang='lat' dir='ltr'><strong>putanda</strong></span> <span class='ocrx_word' id='word_1_158' title='bbox 434 2791 515 2840; x_wconf 87' lang='lat' dir='ltr'><strong>sunt.</strong></span> <span class='ocrx_word' id='word_1_159' title='bbox 564 2780 667 2856; x_wconf 80' lang='lat' dir='ltr'><strong>Quare</strong></span> <span class='ocrx_word' id='word_1_160' title='bbox 694 2782 720 2840; x_wconf 88' lang='lat' dir='ltr'><strong>si</strong></span> <span class='ocrx_word' id='word_1_161' title='bbox 743 2782 773 2839; x_wconf 95' lang='lat' dir='ltr'><strong>in</strong></span> <span class='ocrx_word' id='word_1_162' title='bbox 800 2780 857 2840; x_wconf 86' lang='lat' dir='ltr'><strong>bac</strong></span> <span class='ocrx_word' id='word_1_163' title='bbox 883 2776 1093 2838; x_wconf 85' lang='lat' dir='ltr'><strong>accommoda-</strong></span> 
     </span>
     <span class='ocr_line' id='line_1_24' title="bbox 66 2896 1093 2979; baseline -0.003 -24"><span class='ocrx_word' id='word_1_164' title='bbox 66 2896 159 2955; x_wconf 85' lang='lat' dir='ltr'><strong>tionis</strong></span> <span class='ocrx_word' id='word_1_165' title='bbox 182 2896 249 2955; x_wconf 88' lang='lat' dir='ltr'><strong>lnce</strong></span> <span class='ocrx_word' id='word_1_166' title='bbox 271 2898 471 2976; x_wconf 79' lang='lat' dir='ltr'><strong>pbaenomenu</strong></span> <span class='ocrx_word' id='word_1_167' title='bbox 492 2918 579 2960; x_wconf 86' lang='lat' dir='ltr'><strong>sacra</strong></span> <span class='ocrx_word' id='word_1_168' title='bbox 599 2904 795 2979; x_wconf 81' lang='lat' dir='ltr'><strong>spectantur,</strong></span> <span class='ocrx_word' id='word_1_169' title='bbox 822 2897 1093 2977; x_wconf 82' lang='lat' dir='ltr'><strong>profundissimam</strong></span> 
     </span>
     <span class='ocr_line' id='line_1_25' title="bbox 24 3009 1093 3092; baseline -0.003 -21"><span class='ocrx_word' id='word_1_170' title='bbox 24 3076 30 3085; x_wconf 47' lang='grc'>,</span> <span class='ocrx_word' id='word_1_171' title='bbox 65 3011 237 3073; x_wconf 86' lang='lat' dir='ltr'><strong>realitatem</strong></span> <span class='ocrx_word' id='word_1_172' title='bbox 264 3016 322 3076; x_wconf 88' lang='lat' dir='ltr'><strong>sibi</strong></span> <span class='ocrx_word' id='word_1_173' title='bbox 354 3019 518 3091; x_wconf 82' lang='lat' dir='ltr'><strong>vindicant.</strong></span> <span class='ocrx_word' id='word_1_174' title='bbox 574 3018 781 3080; x_wconf 82' lang='lat' dir='ltr'><strong>Pboeoomena</strong></span> <span class='ocrx_word' id='word_1_175' title='bbox 815 3019 896 3075; x_wconf 86' lang='lat' dir='ltr'><strong>enim</strong></span> <span class='ocrx_word' id='word_1_176' title='bbox 929 3009 1093 3092; x_wconf 82' lang='lat' dir='ltr'><strong>ejmmodi,</strong></span> 
     </span>
     <span class='ocr_line' id='line_1_26' title="bbox 66 3131 1093 3219; baseline -0.003 -29"><span class='ocrx_word' id='word_1_177' title='bbox 66 3131 94 3190; x_wconf 92' lang='lat' dir='ltr'><strong>si</strong></span> <span class='ocrx_word' id='word_1_178' title='bbox 114 3147 171 3209; x_wconf 89' lang='lat' dir='ltr'><strong>per</strong></span> <span class='ocrx_word' id='word_1_179' title='bbox 189 3149 224 3190; x_wconf 90' lang='lat' dir='ltr'><strong>se</strong></span> <span class='ocrx_word' id='word_1_180' title='bbox 236 3135 480 3214; x_wconf 86' lang='lat' dir='ltr'><strong>considerantur,</strong></span> <span class='ocrx_word' id='word_1_181' title='bbox 501 3158 626 3219; x_wconf 91' lang='lat' dir='ltr'><strong>semper</strong></span> <span class='ocrx_word' id='word_1_182' title='bbox 649 3138 690 3196; x_wconf 94' lang='lat' dir='ltr'><strong>ita</strong></span> <span class='ocrx_word' id='word_1_183' title='bbox 703 3143 873 3212; x_wconf 85' lang='lat' dir='ltr'><strong>comparata</strong></span> <span class='ocrx_word' id='word_1_184' title='bbox 886 3140 966 3204; x_wconf 89' lang='lat' dir='ltr'><strong>sunt,</strong></span> <span class='ocrx_word' id='word_1_185' title='bbox 988 3138 1021 3190; x_wconf 89' lang='lat' dir='ltr'><strong>nt</strong></span> <span class='ocrx_word' id='word_1_186' title='bbox 1036 3147 1093 3188; x_wconf 87' lang='lat' dir='ltr'><strong>nac</strong></span> 
     </span>
     <span class='ocr_line' id='line_1_27' title="bbox 65 3245 1093 3337; baseline -0.004 -30"><span class='ocrx_word' id='word_1_187' title='bbox 65 3245 158 3327; x_wconf 78' lang='lat' dir='ltr'><strong>bajus</strong></span> <span class='ocrx_word' id='word_1_188' title='bbox 179 3268 236 3309; x_wconf 87' lang='lat' dir='ltr'><strong>nec</strong></span> <span class='ocrx_word' id='word_1_189' title='bbox 255 3251 337 3316; x_wconf 86' lang='lat' dir='ltr'><strong>illius</strong></span> <span class='ocrx_word' id='word_1_190' title='bbox 356 3259 427 3319; x_wconf 83' lang='lat' dir='ltr'><strong>ritae</strong></span> <span class='ocrx_word' id='word_1_191' title='bbox 448 3280 498 3321; x_wconf 91' lang='lat' dir='ltr'><strong>res</strong></span> <span class='ocrx_word' id='word_1_192' title='bbox 511 3262 585 3322; x_wconf 87' lang='lat' dir='ltr'><strong>satis</strong></span> <span class='ocrx_word' id='word_1_193' title='bbox 607 3258 788 3337; x_wconf 75' lang='lat' dir='ltr'><strong>exprimant.</strong></span> <span class='ocrx_word' id='word_1_194' title='bbox 834 3253 990 3328; x_wconf 79' lang='lat' dir='ltr'><strong>Quatenus</strong></span> <span class='ocrx_word' id='word_1_195' title='bbox 1013 3249 1093 3306; x_wconf 89' lang='lat' dir='ltr'><strong>enim</strong></span> 
     </span>
     <span class='ocr_line' id='line_1_28' title="bbox 67 3370 1093 3460; baseline 0.001 -39"><span class='ocrx_word' id='word_1_196' title='bbox 67 3381 118 3424; x_wconf 86' lang='lat' dir='ltr'><strong>rea</strong></span> <span class='ocrx_word' id='word_1_197' title='bbox 134 3374 383 3444; x_wconf 81' lang='lat' dir='ltr'><strong>anpraoatnrales</strong></span> <span class='ocrx_word' id='word_1_198' title='bbox 395 3381 582 3457; x_wconf 85' lang='lat' dir='ltr'><strong>revelantur,</strong></span> <span class='ocrx_word' id='word_1_199' title='bbox 606 3374 815 3460; x_wconf 72' lang='lat' dir='ltr'><strong>phoenomenis</strong></span> <span class='ocrx_word' id='word_1_200' title='bbox 830 3370 968 3446; x_wconf 80' lang='lat' dir='ltr'><strong>empirios</strong></span> <span class='ocrx_word' id='word_1_201' title='bbox 980 3373 1093 3426; x_wconf 76' lang='lat' dir='ltr'><strong>nostras</strong></span> 
     </span>
     <span class='ocr_line' id='line_1_29' title="bbox 66 3479 1094 3578; baseline -0.021 -17"><span class='ocrx_word' id='word_1_202' title='bbox 66 3479 213 3560; x_wconf 58' lang='lat' dir='ltr'><strong>&#39;flllflclb</strong></span> <span class='ocrx_word' id='word_1_203' title='bbox 230 3493 536 3578; x_wconf 63' lang='lat' dir='ltr'><strong>exprimendarum,</strong></span> <span class='ocrx_word' id='word_1_204' title='bbox 560 3501 664 3562; x_wconf 89' lang='lat' dir='ltr'><strong>babitu</strong></span> <span class='ocrx_word' id='word_1_205' title='bbox 687 3493 779 3572; x_wconf 78' lang='lat' dir='ltr'><strong>igitur</strong></span> <span class='ocrx_word' id='word_1_206' title='bbox 789 3489 956 3549; x_wconf 92' lang='lat' dir='ltr'><strong>indnuntur</strong></span> <span class='ocrx_word' id='word_1_207' title='bbox 979 3492 1094 3545; x_wconf 81' lang='lat' dir='ltr'><strong>usturaa</strong></span> 
     </span>
     <span class='ocr_line' id='line_1_30' title="bbox 67 3608 1093 3695; baseline -0.015 -15"><span class='ocrx_word' id='word_1_208' title='bbox 67 3615 131 3658; x_wconf 57' lang='grc' dir='ltr'><strong>ΜΒ</strong></span> <span class='ocrx_word' id='word_1_209' title='bbox 159 3620 265 3680; x_wconf 68' lang='lat' dir='ltr'><strong>imum</strong></span> <span class='ocrx_word' id='word_1_210' title='bbox 294 3630 449 3695; x_wconf 63' lang='lat' dir='ltr'><strong>congrum</strong></span> <span class='ocrx_word' id='word_1_211' title='bbox 484 3625 558 3686; x_wconf 81' lang='lat' dir='ltr'><strong>licet</strong></span> <span class='ocrx_word' id='word_1_212' title='bbox 579 3626 680 3682; x_wconf 86' lang='lat' dir='ltr'><strong>antem</strong></span> <span class='ocrx_word' id='word_1_213' title='bbox 707 3612 744 3674; x_wconf 91' lang='lat' dir='ltr'><strong>ad</strong></span> <span class='ocrx_word' id='word_1_214' title='bbox 774 3609 930 3688; x_wconf 77' lang='lat' dir='ltr'><strong>regionem</strong></span> <span class='ocrx_word' id='word_1_215' title='bbox 960 3608 1093 3662; x_wconf 73' lang='lat' dir='ltr'><strong>nostram</strong></span> 
     </span>
     <span class='ocr_line' id='line_1_31' title="bbox 68 3714 1093 3815; baseline -0.004 -36"><span class='ocrx_word' id='word_1_216' title='bbox 68 3715 270 3800; x_wconf 76' lang='lat' dir='ltr'><strong>terrendam,</strong></span> <span class='ocrx_word' id='word_1_217' title='bbox 304 3731 506 3810; x_wconf 65' lang='lat' dir='ltr'><strong>phaenomen,</strong></span> <span class='ocrx_word' id='word_1_218' title='bbox 533 3751 635 3805; x_wconf 52' lang='lat' dir='ltr'><strong>tamen</strong></span> <span class='ocrx_word' id='word_1_219' title='bbox 666 3752 728 3815; x_wconf 82' lang='lat' dir='ltr'><strong>quo</strong></span> <span class='ocrx_word' id='word_1_220' title='bbox 750 3730 788 3792; x_wconf 87' lang='lat' dir='ltr'><strong>ab</strong></span> <span class='ocrx_word' id='word_1_221' title='bbox 818 3725 885 3788; x_wconf 87' lang='lat' dir='ltr'><strong>aliia</strong></span> <span class='ocrx_word' id='word_1_222' title='bbox 913 3729 947 3780; x_wconf 85' lang='lat' dir='ltr'><strong>et</strong></span> <span class='ocrx_word' id='word_1_223' title='bbox 972 3714 1093 3794; x_wconf 69' lang='lat' dir='ltr'><strong>quidem</strong></span> 
     </span>
    </p>
   </div>
   <div class='ocr_carea' id='block_1_5' title="bbox 0 0 1237 4178">
    <p class='ocr_par' dir='ltr' id='par_1_5' title="bbox 0 0 1237 4178">
     <span class='ocr_line' id='line_1_32' title="bbox 0 0 1237 4178; baseline 0 0"><span class='ocrx_word' id='word_1_224' title='bbox 0 0 1237 4178; x_wconf 95' lang='lat' dir='ltr'><strong> </strong></span> 
     </span>
    </p>
   </div>
  </div>
 </body>
</html>
