2460 4178
587 126 661 195 issi

114 334 211 395 ticam
238 352 309 392 esse
338 352 397 394 oon
428 332 526 392 soiom
547 327 718 412 'benignum
747 338 779 391 et
805 334 1132 406 misericordem-essi

111 455 204 513 etiarn
229 448 441 530 peccatoribus
465 450 588 509 iratum.
638 450 712 526 Qtis
740 452 835 528 igitar
856 468 894 509 ex
914 452 1066 529 scriptura
1092 453 1136 514 di:

111 577 189 641 sest,
210 576 310 627 astrum
332 565 694 627 misericordisabsoiota
708 567 873 646 premenda
889 570 946 626 iroe
966 569 1138 628 reaiitstcsn

110 685 147 744 sd
175 683 356 763 subjectivae
386 685 541 743 irosrainum
564 685 725 762 opiniones
754 685 891 756 referat,
921 702 958 743 an
987 671 1141 765 objectiva

109 802 163 861 iroe
184 802 310 860 notione
329 802 551 860 misericordiae
567 801 710 860 ambitum
730 802 911 878 restringat,
938 808 989 860 aut
1006 801 1144 882 deniqne

109 927 246 979 araturam
270 918 325 977 iiei
351 918 394 977 ita
421 917 683 997 comprehendat,
711 925 744 976 ut
770 916 852 976 iiens
881 917 955 976 iicet
984 922 1029 980 od
1050 924 1143 983 iutro

108 1036 301 1095 beatissimus
321 1034 380 1108 sii,
402 1034 438 1093 ad
464 1041 550 1096 extra
581 1041 700 1107 tamen,
728 1040 856 1112 propter
887 1045 1009 1111 peccata
1036 1040 1144 1099 mundi

106 1154 138 1210 in
162 1170 226 1210 eam
251 1153 304 1210 iras
332 1157 363 1210 et
382 1153 496 1210 amoris
521 1150 803 1211 reconciliationem
824 1151 923 1224 inest,
954 1160 987 1210 ut
1009 1172 1070 1231 per
1096 1158 1144 1216 in·

107 1268 314 1328 carnatiooem
337 1286 422 1327 amor
440 1267 637 1345 pienissimus
659 1266 733 1326 iram
752 1267 932 1346 objectivam
954 1268 1060 1345 abiis,
1091 1275 1143 1351 qvi

107 1386 234 1446 Christo
261 1384 354 1444 iidern
384 1384 512 1454 inirent,
550 1391 717 1445 removeat.
776 1383 971 1464 duaiogism,
1008 1387 1142 1466 inquies,

105 1505 268 1582 scripturae
304 1501 480 1575 iandemnS,
523 1501 727 1579 expiationem
762 1500 880 1560 Christi
923 1505 1139 1582 respicientes.

107 1620 224 1680 Verum
248 1622 328 1680 eninr
343 1639 416 1679 reno
430 1626 545 1678 tantum
567 1618 662 1689 abest,
679 1624 713 1676 nt
734 1618 772 1676 iis
796 1617 884 1690 iocis,
909 1621 958 1697 qvi
976 1619 1139 1683 Christum

104 1747 254 1817 speciant,
285 1737 456 1797 afferendis
481 1736 592 1794 nodum
616 1734 777 1812 expedias,
809 1745 842 1794 ni
864 1737 1017 1797 intricatio
1039 1740 1142 1818 major

104 1853 166 1917 dat.
209 1852 370 1930 Scriptura
398 1851 489 1910 docet
518 1869 555 1910 ea
587 1851 724 1929 quidem,
756 1859 887 1912 mortem
918 1852 1035 1913 Christi
1065 1874 1139 1915 ease

102 1969 319 2029 documentum
344 1968 399 2027 nei
421 1969 550 2040 amoris,
576 1967 632 2026 aed
656 1966 748 2028 docet
770 1969 891 2044 eadem,
912 1988 1048 2032 amorem
1074 1975 1135 2034 iiei

103 2092 134 2145 ei
159 2085 273 2145 Christi
297 2086 326 2146 in
349 2105 387 2145 co
409 2087 542 2146 maxims
559 2085 748 2162 apparuisse,
770 2086 849 2164 qvod
873 2106 970 2166 poena
994 2102 1138 2168 peccato-

102 2222 169 2262 rnm
193 2214 370 2262 nostrorum
393 2206 423 2262 in
442 2203 617 2270 Christum,
641 2204 726 2261 orrtci
747 2202 880 2276 adinum,
907 2205 1053 2265 transiata
1076 2208 1136 2279 sit,

101 2338 194 2397 qnare
219 2321 246 2377 si
275 2320 514 2398 objectiritatam
539 2320 594 2377 iam
615 2316 778 2392 defendis,
814 2321 851 2379 ad
879 2321 1137 2395 satisfactionem,

87 2454 167 2533 'squas
198 2436 309 2495 vicaria
341 2434 465 2503 dieitur,
495 2437 671 2515 perveniam
703 2436 871 2497 sinautem
900 2437 995 2498 iieurn
1020 2439 1134 2500 iratum

99 2557 236 2631 cogitare
267 2572 327 2612 uon
361 2555 496 2631 poteris,
534 2556 737 2633 expiationem
774 2573 895 2613 omnem
928 2555 965 2614 sd
1001 2564 1134 2617 mutatas

99 2670 255 2732 hominurn
279 2670 318 2729 do
342 2670 406 2728 deo
430 2673 593 2749 opiniones
618 2672 796 2750 restringes.
847 2671 924 2731 (inm
944 2690 1021 2731 vero
1042 2675 1131 2733 notio

97 2789 152 2847 iroe
176 2806 193 2846 a
216 2786 342 2845 notione
369 2786 605 2861 satisfactionis,
632 2788 851 2849 satisfactionis
877 2806 950 2847 vero
976 2788 1062 2848 notio
1092 2790 1132 2850 ais

97 2905 153 2964 irae
175 2904 300 2963 notione
323 2902 468 2980 pendeat,
490 2904 627 2983 ansiogia
650 2906 817 2985 anaiogiaan
832 2906 862 2965 in
877 2905 1029 2965 iniinitum
1046 2922 1129 2984 qrae-

97 3024 154 3096 rii,
181 3039 208 3079 o:
232 3021 368 3098 ansiogia
390 3020 492 3094 docet,
514 3021 624 3082 nuiiam
648 3041 716 3081 esse
738 3022 917 3100 aoniogiam.

180 3139 219 3196 At
239 3138 367 3196 iorsitan
394 3138 432 3196 ad
456 3138 524 3197 irus
547 3139 701 3217 objecerit
720 3140 843 3217 aiiquis,
867 3156 922 3197 rios
938 3157 976 3196 ex
994 3156 1029 3197 es
1049 3142 1131 3199 sori-

95 3263 195 3333 ptuaae
208 3272 303 3313 saorae
321 3257 499 3315 oeconomia
513 3257 628 3334 optime
644 3256 813 3327 admoneri,
829 3273 934 3314 rerum
950 3271 1031 3325 esse,
1044 3255 1128 3333 qnod

94 3371 207 3447 saepius
232 3369 395 3444 afferatur,
419 3371 514 3430 Deum
537 3373 630 3445 troiie,
657 3372 798 3432 homines
827 3379 952 3448 aparte
974 3371 1129 3450 objectiva

94 3484 133 3545 de
154 3486 244 3545 aeirus
270 3487 379 3546 divinis
397 3487 524 3559 erudiri,
544 3509 712 3568 omnesque
725 3488 936 3560 diffieuitates,
956 3507 1031 3566 quas
1044 3496 1126 3549 attu-

92 3599 233 3673 lerimus,
254 3602 328 3659 inde
350 3604 448 3662 scium
470 3623 539 3662 ease
562 3612 707 3678 extortas,
731 3607 812 3684 quod
836 3606 957 3665 nimiam
984 3606 1044 3664 vim
1068 3609 1124 3664 do-

105 3721 200 3781 ririnae
226 3718 385 3799 objaetiras
407 3721 620 3791 tribuerimus;
650 3724 755 3781 testari
780 3723 812 3782 id
831 3725 1024 3802 scripturam,
1053 3741 1124 3782 enm
