2460 4178
131 212 134 219 ,
615 132 684 205 ror

94 224 259 419 surdam
277 335 336 395 boo
357 337 414 395 sibi
437 339 509 406 rull,
531 339 663 401 sormam
685 357 754 399 esse
775 341 963 422 congruam?
984 343 1018 405 Si
1038 343 1167 407 iormam

132 451 310 531 bajurmodi
326 453 476 532 intelligo,
499 475 555 532 qva
572 457 707 517 maculis
726 457 827 519 divina
840 478 948 519 revera
967 463 1168 540 exprimatur,

129 578 195 629 lum
211 570 303 648 juxta
326 569 403 631 banc
424 570 576 630 theoriam
600 572 691 633 nullae
713 573 822 633 iormae
840 585 911 637 arsut
932 596 1094 657 congrum
1118 583 1166 641 siu

127 692 232 745 auten
254 687 364 746 iormaa
386 705 533 765 congruae
556 697 636 760 sunl,
660 708 726 767 qvae
744 710 846 753 veram
869 694 962 755 fldem
984 704 1111 756 servent
1133 707 1166 757 et

126 802 282 874 indicent,
305 811 368 863 tum
391 803 451 863 boc
474 803 618 865 dilemma
638 807 748 865 evitari
769 810 818 869 vis
840 812 975 888 poterit:
998 821 1050 872 aut
1068 823 1165 877 alatu-

125 919 241 979 endum
264 929 324 993 est,
346 920 510 980 ecclesiam
533 940 622 981 veras
643 929 735 1000 atque
752 943 904 1003 congruas
925 926 1076 989 doctrinae
1098 931 1164 991 ior·

125 1056 192 1097 mas
213 1037 342 1111 babere,
363 1045 429 1099 tum
452 1058 525 1099 vero
544 1040 609 1117 pari
630 1039 779 1116 dignitate
801 1042 915 1119 gaudet
935 1043 1077 1105 doctrina
1097 1048 1163 1126 ejus

126 1163 161 1211 et
182 1154 366 1233 scripturae3
393 1165 455 1228 ant,
478 1157 504 1216 si
522 1156 631 1243 iormoe
653 1162 685 1215 el
707 1155 880 1217 locutiones
902 1161 1045 1223 ecclesiae
1068 1166 1163 1243 magis

126 1276 268 1335 minusve
287 1275 461 1351 depravatae
479 1281 562 1344 saint,
586 1273 663 1334 tides
683 1292 816 1352 qaoque,
837 1294 924 1352 qvam
942 1277 1044 1353 affert,
1066 1283 1161 1360 magis

127 1393 267 1451 minuare
287 1399 434 1468 corrupta
453 1398 510 1461 est,
533 1399 566 1449 el
585 1397 647 1450 lum
665 1393 879 1469 interpretatio
898 1394 1074 1472 scriptura,
1095 1417 1161 1475 qvae

126 1516 229 1569 r‘eram
253 1506 345 1567 iidem
375 1507 412 1567 ab
434 1506 567 1567 ecclesia
588 1514 793 1584 reportatam,
823 1510 975 1585 postulat,
1005 1529 1066 1570 non
1087 1531 1161 1573 con-

124 1627 234 1704 tinget.
291 1625 451 1684 Faciamus
490 1624 661 1703 pericnlum
695 1623 780 1703 ejus,
826 1643 913 1701 qvam
952 1627 1096 1686 excitavit
1129 1629 1161 1690 in

126 1746 214 1805 nobis
236 1744 378 1814 ecclesia,
402 1741 474 1799 lldei
497 1741 541 1799 ila
569 1738 759 1811 retinendae,
789 1748 823 1800 ut
844 1742 1003 1801 mittantur
1026 1752 1078 1801 aul
1101 1746 1160 1803 aal-

126 1872 188 1923 ten
218 1863 251 1921 iu
279 1860 403 1919 dubium
435 1864 585 1916 vocentur
612 1856 731 1935 singula
760 1857 911 1917 doctrinae
936 1858 1159 1921 ecclesiasticae

125 1979 254 2058 placita:
282 1974 434 2055 quomodo
459 1973 551 2032 fidem
576 1973 691 2032 babere
720 1991 900 2052 possumus,
929 1976 1060 2056 objectis
1084 1976 1160 2035 fidel

125 2094 266 2166 remotis,
286 2094 312 2152 si
333 2093 443 2164 omnia,
468 2110 534 2169 qvae
559 2089 697 2182 debeo,
726 2089 765 2149 do
789 2091 915 2151 cbristo
941 2101 1001 2153 etc.
1030 2111 1086 2153 noa
1104 2093 1159 2154 do·

125 2212 243 2281 cuerit,
269 2212 453 2286 scripturam
477 2207 646 2286 periecluri
668 2210 699 2267 in
720 2208 845 2268 dubium
872 2210 1064 2282 vocabimus3
1094 2216 1158 2267 tum

124 2328 319 2395 nuncetiam,
345 2325 442 2384 Deum
465 2345 548 2394 erae,
572 2323 727 2384 Christum
751 2324 892 2383 homines
914 2342 932 2384 a
951 2330 1052 2383 morte
1080 2325 1157 2383 libe·

125 2463 211 2505 rasse
224 2453 256 2502 et
271 2443 440 2503 iuaalnlem
463 2441 644 2516 vindicasse,
670 2443 801 2503 dubitari
824 2442 1000 2522 oportebit;
1022 2441 1064 2501 ita
1084 2459 1158 2501 nero

124 2583 141 2622 a
165 2580 253 2621 mera
282 2559 358 2619 fidei
383 2560 546 2636 negatione
574 2561 783 2639 incipiendum
812 2561 871 2618 erit
899 2560 1064 2636 scripturae
1092 2564 1157 2617 slu-

124 2678 220 2750 dium,
241 2677 325 2754 qvod
346 2678 512 2735 absurdum
534 2685 592 2737 est.
636 2677 751 2752 Quibus
772 2683 860 2736 recle
880 2673 1075 2754 ponderatis,
1104 2683 1157 2733 ne·

123 2797 187 2873 gari
208 2795 258 2854 ris
283 2793 409 2870 polerit,
432 2793 524 2851 iidem
545 2793 582 2850 ab
604 2793 737 2853 ecclesia
759 2809 915 2872 acceptam
937 2790 1158 2852 universalibus

123 2912 196 2972 lidai
218 2912 354 2973 articulis
372 2928 442 2969 esse
454 2908 640 2983 adstrictam,
663 2918 696 2970 ut
714 2930 804 2972 nemo
824 2912 939 2989 absque
961 2907 1156 2986 opinionibus

123 3028 290 3107 praeceptis
308 3027 347 3086 ad
368 3028 551 3104 scripturam
569 3047 688 3088 sacram
711 3029 851 3090 accedat.
894 3028 942 3086 Eo
957 3027 1051 3102 igitur
1074 3023 1156 3083 redit

123 3147 251 3224 quaestio
273 3145 363 3222 longe
385 3146 574 3221 gravissima,
596 3145 748 3222 qvomodo
766 3145 888 3205 articuli
910 3141 1155 3202 fundamentales

122 3262 275 3321 elementa
303 3259 443 3318 ecclesiae
465 3268 609 3322 concreta
628 3261 685 3321 sed
709 3263 808 3320 minus
832 3263 1042 3331 verecundat,
1061 3264 1154 3336 atque

121 3377 316 3439 authenticas
337 3380 500 3456 scripturae
526 3377 641 3440 formas
664 3379 799 3439 induant.

205 3495 305 3554 {locet
326 3495 458 3554 ecclesia
479 3514 549 3554 esse
572 3497 686 3568 Deum,
717 3495 774 3554 sed
798 3513 864 3572 qvae
886 3495 948 3553 sint
974 3493 1030 3553 Dei
1059 3493 1154 3572 qrati-

120 3618 216 3684 tasle,
245 3612 398 3689 qvomodo
424 3630 497 3688 erga
519 3629 576 3670 nos
602 3611 731 3672 aflectus
760 3614 815 3684 ait,
843 3613 994 3690 scriptura
1018 3613 1152 3673 docebit.

121 3730 227 3808 ltaque
255 3729 315 3788 boc
342 3749 358 3788 a
388 3747 462 3788 sero
496 3729 658 3807 scripturae
696 3730 813 3790 lectore
849 3733 1012 3808 quaeritur,
1047 3736 1080 3787 ut
1114 3729 1151 3788 ab
1194 3812 1198 3819 .
