2460 4178
627 56 677 171 aa

137 313 343 391 contingentia
378 328 447 370 esse
477 309 675 384 observetur,
708 309 808 370 donec
840 310 877 371 od
914 313 1072 375 rationem
1104 314 1158 394 ejas

139 430 411 507 penetraverimus.
456 424 575 487 Deinde
592 427 652 486 boc
674 426 884 500 admonemur,
905 429 1106 508 principium,
1124 431 1158 491 iit

138 545 377 624 deprehensum,
392 561 452 603 non
476 560 545 601 csse
567 561 623 622 per
643 562 678 603 se
702 543 877 618 tenendum,
898 545 954 604 sed
980 544 1157 607 eliormrtio

138 681 207 721 nem
235 661 301 739 ejus
332 659 546 740 specialiorem
578 661 741 737 negatione
767 661 858 720 etiam
891 660 1158 740 pboenomenorao

136 777 314 856 specialium
333 774 573 856 comprehendi,
592 783 625 834 ut
643 777 790 855 cogitatio
810 776 965 856 objectum
984 776 1158 840 historicon

137 887 290 975 nunquam
310 894 471 972 relinquat.
520 889 639 969 Duplex
665 893 760 970 igitur
790 910 880 952 error
907 894 1074 955 evitandus
1093 902 1159 969 em

136 1030 264 1088 quorum
286 1009 363 1069 alter
391 1007 489 1080 adest,
510 1026 601 1086 quum
621 1008 658 1066 ex
676 1005 852 1086 hujusmodi
870 1009 1024 1089 principio
1045 1011 1159 1071 nniver-

137 1127 210 1199 osli,
229 1124 377 1203 neglectis
406 1123 616 1204 phoenomenis
643 1122 842 1201 specialibus,
872 1124 966 1184 modo
996 1127 1159 1188 abstractas

138 1242 280 1302 notiones
295 1241 507 1319 persequeris,
523 1239 602 1300 alter
624 1258 708 1312 vero,
725 1260 816 1319 quom
839 1241 1024 1319 principium
1046 1243 1160 1304 uolser

138 1357 202 1417 sale
232 1365 361 1416 externo
391 1354 482 1415 modo
513 1357 544 1415 in
572 1357 754 1434 specialiora
775 1358 1039 1436 omrriaapplicas.
1081 1358 1160 1421 Nibll

138 1474 218 1533 enim
243 1471 492 1532 mediocritatem
522 1471 700 1533 historicam
733 1474 828 1550 mugio
863 1473 984 1553 prodit,
1018 1494 1109 1553 qnam
1137 1477 1160 1535 sl

137 1589 360 1650 universalibus
385 1588 548 1666 categoriis
573 1608 601 1652 v.
627 1608 655 1648 c.
679 1588 847 1662 libertatis,
876 1589 1075 1670 despotismi,
1099 1591 1160 1652 bic·

136 1706 280 1777 rarclriae,
300 1704 460 1776 similibus,
479 1722 528 1763 res
540 1703 669 1783 singulae
681 1705 860 1779 induuntur,
878 1712 912 1766 ut
930 1707 1075 1766 notiones
1089 1709 1161 1786 ipsa

137 1839 205 1881 non.
228 1819 444 1891 efformentor,
472 1819 526 1878 sed
559 1820 850 1900 particularitatibus
878 1823 1035 1896 externis,
1063 1829 1098 1883 nt
1123 1824 1162 1883 ila

137 1936 252 2008 dicam,
280 1933 476 2014 impleantur.
524 1935 558 1997 Si
583 1937 766 1998 hierarchiae
794 1939 879 1998 notio
901 1937 1053 1999 historice
1070 1940 1162 2020 expli·

136 2053 232 2112 canda
254 2057 313 2122 cat,
332 2070 391 2111 non
414 2051 531 2112 scilicit
551 2053 700 2113 abstracta
722 2054 791 2132 ejus
815 2054 973 2127 delinitio,
995 2063 1029 2116 ut
1059 2057 1162 2117 labeo·

136 2169 217 2229 tibus
245 2167 358 2228 seculis
389 2169 542 2230 immutari
573 2169 696 2246 quidem
730 2188 795 2246 eom
820 2184 1021 2252 agnoscatur,
1043 2174 1168 2251 qnando·
1200 2254 1202 2259 Ι

135 2305 210 2346 varo
233 2285 272 2345 de
295 2285 423 2362 singulis
444 2285 662 2344 mutationibus
687 2293 852 2363 quaeratur,
877 2285 913 2348 ad
932 2286 1012 2349 iacta
1045 2290 1163 2368 singula

136 2401 266 2475 irenaei,
295 2399 451 2478 Cypriani,
473 2399 618 2479 Gregorii
649 2402 853 2463 enumeranda
883 2403 1092 2481 confugiatur.
1125 2439 1162 2451 -

136 2517 211 2578 Tria
226 2518 320 2596 igitur
332 2522 486 2577 momenta
498 2516 529 2576 in
545 2515 720 2596 hujusmodi
737 2519 939 2596 explicatione
949 2518 1162 2598 distinguenda
1186 2589 1192 2611 Ι

135 2637 220 2691 sunt:
244 2631 376 2709 primum
398 2639 444 2691 est
457 2633 542 2692 notio
562 2631 749 2701 hierarchiae
772 2635 969 2711 universalis3
990 2638 1162 2701 secuudum

134 2747 272 2808 actiones
293 2764 405 2824 resque
426 2748 560 2826 singulas
583 2746 619 2808 ad
643 2748 743 2809 ideam
763 2750 947 2812 hierarchiae
971 2753 1162 2830 pertinentes

134 2860 344 2940 amplectitor3
364 2865 489 2923 tertium
511 2883 586 2924 vero
614 2863 808 2926 identitatem
836 2868 993 2927 amborum
1022 2887 1162 2931 momen·

134 2986 236 3039 torum
259 2978 367 3039 eflicit.
416 2978 496 3056 Quid
523 2986 625 3040 autem
654 2981 712 3040 sibi
735 2982 811 3042 velit
837 2983 905 3042 baec
925 2983 1073 3045 identitas
1100 3004 1161 3048 uon

134 3113 205 3154 case
227 3101 332 3172 potest
360 3096 520 3156 intellecto
549 3095 783 3170 difficillimum,
814 3099 965 3176 quaerenti
988 3100 1083 3176 enim,
1105 3122 1161 3163 cur

133 3211 296 3289 applicatio
320 3212 384 3283 iist,
412 3211 487 3270 nibil
507 3213 605 3287 aliud,
634 3215 659 3274 si
688 3213 761 3291 quid
792 3213 949 3288 videmos,
977 3200 1160 3295 responderi

133 3333 251 3404 potest,
279 3328 337 3386 nisi
356 3328 558 3387 universalem
581 3331 611 3387 in
629 3330 723 3388 rebus
744 3330 976 3408 specialioribus
1000 3333 1159 3396 notionem
1182 3301 1186 3309 Ι

132 3448 224 3519 atque
246 3442 345 3503 ideam
364 3441 510 3520 singulari
532 3444 624 3504 modo
642 3444 780 3519 formari,
802 3445 986 3507 hierarcbiae
1000 3450 1159 3512 notionem

133 3557 218 3617 verbi
245 3576 336 3618 causa
363 3557 455 3617 dictis
484 3557 636 3639 factisque
662 3561 809 3640 Gregorii
835 3561 889 3624 Vll
912 3563 1001 3624 aliter
1032 3565 1159 3628 deliniri

95 3674 224 3896 'atque
259 3673 294 3733 lit
313 3672 431 3734 lrenaei.
482 3673 544 3733 Sed
573 3676 713 3755 prolecto
737 3676 809 3737 inde
837 3681 996 3758 sequitur,
1032 3688 1065 3741 nt
1106 3700 1159 3743 res
