2460 4178
593 129 643 198 54

106 355 234 418 peccare
262 342 294 395 et
322 354 428 394 errare
457 337 587 412 possint.
633 333 724 395 Unde
757 335 852 414 igitar
878 338 1031 415 probetur
1051 339 1133 400 tuot-

106 441 206 516 ttbt’tas
237 452 429 532 singolorum
452 451 649 511 sacerdotum
672 452 732 511 nisi
762 471 799 511 ex
823 454 1012 521 ,testimonio
1041 460 1134 517 ecete-

106 576 181 652 siae3
210 589 305 651 quote
335 589 423 647 qnam
458 568 661 628 obedientiam
693 570 785 628 iaicas
816 569 973 632 sacerdoti
1000 581 1133 653 praestat,

106 689 234 749 eandem
263 684 409 746 sacerdos
446 685 541 744 debet
570 686 724 745 ecciesia‘.
777 676 915 764 Quorum
947 696 1053 752 satem
1082 709 1134 750 ore

105 808 160 868 nisi
192 804 388 865 sacerdotum
417 803 559 880 loquatur
588 801 742 861 ecclesia?
786 802 891 882 itaque
919 805 1134 867 cacerdotibus

103 925 231 1002 singuiis
256 922 389 982 omnium
413 919 531 999 judicio
557 920 734 991 submissis,
753 922 895 1001 plurimo
917 932 994 984 ectu
1016 927 1134 985 colent.

102 1042 146 1102 Ut
180 1041 260 1100 enim
302 1039 380 1097 aiter
419 1033 510 1096 atte'ri
544 1055 649 1095 rerum
688 1037 716 1095 ri
750 1038 887 1096 ueritatis
921 1039 1135 1118 persuaderet,

104 1156 241 1235 neganda
262 1162 344 1213 esset
373 1152 470 1212 torma
497 1152 685 1226 infuiiibitis;
722 1172 791 1230 quse
815 1156 940 1231 negatio
965 1163 998 1215 et
1029 1153 1134 1234 dispu-

102 1276 188 1346 tatio,
211 1271 262 1330 ubi
280 1288 340 1329 uno
362 1270 431 1328 loco
452 1270 549 1328 semet
576 1268 771 1342 innatuisset,
799 1270 836 1330 ad
860 1288 968 1334 omues
993 1273 1134 1334 ecciesiae

101 1395 205 1468 partes
238 1407 307 1446 cum
342 1385 510 1446 inferiores
543 1392 605 1445 tum
638 1390 817 1465 superiores
844 1407 913 1447 snos
937 1398 1134 1468 penetraret;

102 1515 195 1584 utque
219 1507 260 1566 ita
282 1514 486 1564 evanesceret
507 1503 573 1582 ipsa
596 1501 807 1562 Catholicismi
827 1504 912 1578 idem
933 1525 1014 1566 nunc
1031 1515 1136 1567 autem

101 1622 320 1682 traditionibus
342 1622 480 1681 externis
502 1621 612 1679 nititur
635 1621 733 1680 omnis
755 1619 949 1701 disquisitiot
976 1624 1027 1683 cai
1049 1642 1136 1683 acce·

100 1740 145 1798 dit
168 1739 377 1798 immediatam
399 1737 638 1815 uniuscnjusque
655 1737 824 1816 judicium,
847 1757 942 1817 quare
963 1757 1134 1801 consensus

101 1855 301 1931 plurimorum
323 1871 446 1932 semper
464 1855 496 1913 in
518 1873 589 1914 casu
611 1856 730 1934 positus
745 1852 839 1930 est¹).
885 1855 932 1916 nd
952 1856 1031 1916 banc
1051 1857 1133 1918 ditii-

99 1973 243 2031 cuitatem
277 1970 501 2034 removendum¹
526 1991 631 2049 parum
655 1971 745 2044 iacit,
780 1972 861 2050 quod
893 1971 1133 2034 Catisoiicisnsns

100 2089 130 2147 in
160 2086 335 2147 hierarchia
365 2061 482 2148 ordinis
513 2096 543 2147 et
566 2087 832 2170 jurisdictionis2)
860 2091 970 2168 gradus
993 2089 1133 2150 diversos

97 2206 252 2283 instituit3
290 2205 531 2284 multiplicantur
564 2207 663 2266 sotum
702 2205 762 2264 hoc
805 2207 895 2264 modo
938 2207 1131 2274 alterationis

98 2328 194 2382 artus.
239 2322 319 2397 Quid
345 2323 426 2380 enim
444 2323 542 2400 jurat,
566 2323 648 2400 quod
670 2321 925 2401 presbyterorum
950 2322 1062 2402 piscita
1090 2324 1130 2384 sd

96 2438 314 2518 episcoporum
328 2437 609 2509 accommodantur,
631 2439 657 2498 si
678 2441 816 2517 episcopi
838 2438 897 2498 sibi
912 2439 1044 2499 invicem
1056 2458 1129 2500 con·

95 2555 262 2614 tradicunt.
307 2555 387 2616 iiiuc
408 2555 500 2633 igitur
517 2557 686 2616 necessitas
709 2555 807 2614 oritur
827 2554 864 2614 ad
887 2555 1127 2634 gubernatorem

95 2668 248 2731 visibitem
269 2669 478 2746 conisagiendi‚
502 2674 622 2731 utrina
642 2691 697 2731 vox
714 2672 841 2750 spiritus
858 2674 957 2732 sancti
977 2673 1129 2736 audiatur.

94 2785 161 2845 Hac
179 2793 279 2846 autem
301 2786 347 2846 via
371 2786 568 2864 pervenimus
596 2788 632 2848 nd
656 2789 897 2867 disceptationes
919 2788 985 2850 ilias
1004 2794 1128 2853 notissi-

211 3069 272 3115 sunt
284 3066 420 3118 ostendere
438 3084 485 3134 pro
504 3084 554 3120 sao
574 3067 731 3135 sacerdotio,
750 3070 923 3135 permittimus
941 3074 995 3126 iltis
1006 3075 1127 3140 gloriari.

105 3160 109 3165 ‘
212 3157 1126 3243 mefflmmfflfflm0fflfflfflsthm

211 3251 266 3300 Der
285 3253 436 3314 segonnam
455 3254 501 3304 des
520 3255 626 3308 chatel.
648 3257 700 3306 und
716 3257 832 3316 Protesi,
851 3273 878 3322 p.
896 3255 956 3307 475.

163 3335 187 3400 1)
207 3339 284 3389 Deua
302 3340 344 3391 icb
364 3343 460 3406 giaabe
482 3345 570 3397 weder
591 3345 649 3396 dem
660 3347 744 3396 Pabst
760 3348 827 3398 nocb
839 3349 887 3399 dea
899 3349 1033 3404 Concitieo
1045 3358 1126 3412 alteia

209 3429 280 3482 aicbt
309 3433 369 3485 weil
388 3449 417 3486 es
437 3451 479 3488 em
500 3440 557 3503 'rog
576 3438 627 3489 und
646 3439 764 3490 otientur
783 3439 827 3506 ist,
848 3441 911 3492 dees
929 3443 968 3495 sio
985 3447 1025 3497 oo
1042 3449 1126 3512 ceirrt

235 3523 316 3589 oben,
344 3529 395 3579 und
415 3529 492 3583 ibaen
508 3532 593 3583 selbst
620 3531 678 3583 sind
696 3532 876 3601 widemirtig
898 3543 1022 3600 senessi.
1064 3544 1124 3594 Lu-

208 3614 309 3668 theros.

108 3720 133 3897 Ι
158 3697 189 3769 ⁸)
208 3708 259 3765 cir.
279 3707 372 3762 (ilaus.
392 3710 498 3768 Cathal.
517 3729 550 3778 og
567 3716 680 3766 Protest.
700 3732 724 3780 p.
742 3715 784 3767 94.
803 3721 820 3769 i.
