<?xml version="1.0" encoding="UTF-8"?>
<!DOCTYPE html PUBLIC "-//W3C//DTD XHTML 1.0 Transitional//EN"
    "http://www.w3.org/TR/xhtml1/DTD/xhtml1-transitional.dtd">
<html xmlns="http://www.w3.org/1999/xhtml" xml:lang="en" lang="en">
 <head>
  <title>
</title>
<meta http-equiv="Content-Type" content="text/html;charset=utf-8" />
  <meta name='ocr-system' content='tesseract 3.04.00' />
  <meta name='ocr-capabilities' content='ocr_page ocr_carea ocr_par ocr_line ocrx_word'/>
</head>
<body>
  <div class='ocr_page' id='page_1' title='image "./despeculativahi00petegoog_0020.png"; bbox 0 0 2460 4178; ppageno 0'>
   <div class='ocr_carea' id='block_1_1' title="bbox 573 144 601 209">
    <p class='ocr_par' dir='ltr' id='par_1_1' title="bbox 573 144 601 209">
     <span class='ocr_line' id='line_1_1' title="bbox 573 144 601 209; baseline 0 0"><span class='ocrx_word' id='word_1_1' title='bbox 573 144 601 209; x_wconf 81' lang='lat'><strong>7</strong></span> 
     </span>
    </p>
   </div>
   <div class='ocr_carea' id='block_1_2' title="bbox 64 347 1108 2288">
    <p class='ocr_par' dir='ltr' id='par_1_2' title="bbox 64 347 1108 1590">
     <span class='ocr_line' id='line_1_2' title="bbox 159 347 1108 426; baseline 0.006 -19"><span class='ocrx_word' id='word_1_2' title='bbox 159 351 313 426; x_wconf 73' lang='lat' dir='ltr'><strong>Quascum</strong></span> <span class='ocrx_word' id='word_1_3' title='bbox 333 349 374 407; x_wconf 83' lang='lat' dir='ltr'><strong>ita</strong></span> <span class='ocrx_word' id='word_1_4' title='bbox 386 347 460 419; x_wconf 79' lang='lat' dir='ltr'><strong>sint,</strong></span> <span class='ocrx_word' id='word_1_5' title='bbox 483 349 604 409; x_wconf 83' lang='lat' dir='ltr'><strong>iurixis</strong></span> <span class='ocrx_word' id='word_1_6' title='bbox 616 349 664 409; x_wconf 82' lang='lat' dir='ltr'><strong>uis</strong></span> <span class='ocrx_word' id='word_1_7' title='bbox 685 351 825 411; x_wconf 85' lang='lat' dir='ltr'><strong>omuibus</strong></span> <span class='ocrx_word' id='word_1_8' title='bbox 839 351 918 411; x_wconf 80' lang='lat' dir='ltr'><strong>bono</strong></span> <span class='ocrx_word' id='word_1_9' title='bbox 936 351 978 410; x_wconf 83' lang='lat' dir='ltr'><strong>sis</strong></span> <span class='ocrx_word' id='word_1_10' title='bbox 990 353 1108 426; x_wconf 82' lang='lat' dir='ltr'><strong>enimo;</strong></span> 
     </span>
     <span class='ocr_line' id='line_1_3' title="bbox 73 463 1106 543; baseline 0 -16"><span class='ocrx_word' id='word_1_11' title='bbox 73 469 107 527; x_wconf 86' lang='lat' dir='ltr'><strong>io</strong></span> <span class='ocrx_word' id='word_1_12' title='bbox 127 463 285 525; x_wconf 70' lang='lat' dir='ltr'><strong>discordia</strong></span> <span class='ocrx_word' id='word_1_13' title='bbox 304 483 430 542; x_wconf 81' lang='lat' dir='ltr'><strong>semper</strong></span> <span class='ocrx_word' id='word_1_14' title='bbox 452 465 617 525; x_wconf 80' lang='lat' dir='ltr'><strong>concordio</strong></span> <span class='ocrx_word' id='word_1_15' title='bbox 639 467 779 543; x_wconf 68' lang='lat' dir='ltr'><strong>quaedam</strong></span> <span class='ocrx_word' id='word_1_16' title='bbox 800 474 946 527; x_wconf 85' lang='lat' dir='ltr'><strong>remanet.</strong></span> <span class='ocrx_word' id='word_1_17' title='bbox 988 467 1049 527; x_wconf 85' lang='lat' dir='ltr'><strong>Ubi</strong></span> <span class='ocrx_word' id='word_1_18' title='bbox 1069 470 1106 529; x_wconf 88' lang='lat' dir='ltr'><strong>ad</strong></span> 
     </span>
     <span class='ocr_line' id='line_1_4' title="bbox 73 581 1106 660; baseline 0.004 -20"><span class='ocrx_word' id='word_1_19' title='bbox 73 601 227 641; x_wconf 66' lang='lat' dir='ltr'><strong>summu·</strong></span> <span class='ocrx_word' id='word_1_20' title='bbox 246 581 500 641; x_wconf 65' lang='lat' dir='ltr'><strong>contradictionis</strong></span> <span class='ocrx_word' id='word_1_21' title='bbox 525 581 680 658; x_wconf 74' lang='lat' dir='ltr'><strong>fastigium</strong></span> <span class='ocrx_word' id='word_1_22' title='bbox 702 583 871 660; x_wconf 85' lang='lat' dir='ltr'><strong>disputatio</strong></span> <span class='ocrx_word' id='word_1_23' title='bbox 899 582 1106 657; x_wconf 83' lang='lat' dir='ltr'><strong>adscenderit,</strong></span> 
     </span>
     <span class='ocr_line' id='line_1_5' title="bbox 74 697 1104 777; baseline 0.007 -21"><span class='ocrx_word' id='word_1_24' title='bbox 74 699 127 757; x_wconf 82' lang='lat' dir='ltr'><strong>uiri</strong></span> <span class='ocrx_word' id='word_1_25' title='bbox 138 697 338 757; x_wconf 76' lang='lat' dir='ltr'><strong>offirmrutis:</strong></span> <span class='ocrx_word' id='word_1_26' title='bbox 355 700 436 771; x_wconf 79' lang='lat' dir='ltr'><strong>„doc</strong></span> <span class='ocrx_word' id='word_1_27' title='bbox 451 708 499 759; x_wconf 82' lang='lat' dir='ltr'><strong>cut</strong></span> <span class='ocrx_word' id='word_1_28' title='bbox 517 701 753 769; x_wconf 78' lang='lat' dir='ltr'><strong>uerissimunr,“</strong></span> <span class='ocrx_word' id='word_1_29' title='bbox 767 699 958 777; x_wconf 75' lang='lat' dir='ltr'><strong>objicientisz</strong></span> <span class='ocrx_word' id='word_1_30' title='bbox 968 702 1104 770; x_wconf 61' lang='lat' dir='ltr'><strong>‚doceat</strong></span> 
     </span>
     <span class='ocr_line' id='line_1_6' title="bbox 64 813 1106 895; baseline 0 -20"><span class='ocrx_word' id='word_1_31' title='bbox 64 813 484 895; x_wconf 61' lang='lat' dir='ltr'><strong>salsissimuffluudireris,</strong></span> <span class='ocrx_word' id='word_1_32' title='bbox 506 813 603 872; x_wconf 89' lang='lat' dir='ltr'><strong>nolito</strong></span> <span class='ocrx_word' id='word_1_33' title='bbox 619 822 730 886; x_wconf 87' lang='lat' dir='ltr'><strong>tuureu,</strong></span> <span class='ocrx_word' id='word_1_34' title='bbox 747 814 964 892; x_wconf 81' lang='lat' dir='ltr'><strong>ajuutLogici,</strong></span> <span class='ocrx_word' id='word_1_35' title='bbox 983 816 1106 893; x_wconf 86' lang='lat' dir='ltr'><strong>depuce</strong></span> 
     </span>
     <span class='ocr_line' id='line_1_7' title="bbox 72 928 1105 1007; baseline 0.001 -16"><span class='ocrx_word' id='word_1_36' title='bbox 72 934 157 992; x_wconf 85' lang='lat' dir='ltr'><strong>intur</strong></span> <span class='ocrx_word' id='word_1_37' title='bbox 182 930 320 990; x_wconf 80' lang='lat' dir='ltr'><strong>fervidos</strong></span> <span class='ocrx_word' id='word_1_38' title='bbox 351 932 471 990; x_wconf 78' lang='lat' dir='ltr'><strong>aruimus</strong></span> <span class='ocrx_word' id='word_1_39' title='bbox 507 928 736 989; x_wconf 76' lang='lat' dir='ltr'><strong>reconciliando</strong></span> <span class='ocrx_word' id='word_1_40' title='bbox 768 929 948 1007; x_wconf 85' lang='lat' dir='ltr'><strong>desperare.</strong></span> <span class='ocrx_word' id='word_1_41' title='bbox 1009 932 1105 1001; x_wconf 74' lang='lat' dir='ltr'><strong>Facili</strong></span> 
     </span>
     <span class='ocr_line' id='line_1_8' title="bbox 71 1046 1106 1125; baseline 0.001 -18"><span class='ocrx_word' id='word_1_42' title='bbox 71 1048 285 1108; x_wconf 78' lang='lat' dir='ltr'><strong>subtractione</strong></span> <span class='ocrx_word' id='word_1_43' title='bbox 309 1047 369 1106; x_wconf 92' lang='lat' dir='ltr'><strong>huc</strong></span> <span class='ocrx_word' id='word_1_44' title='bbox 405 1047 474 1106; x_wconf 86' lang='lat' dir='ltr'><strong>fieri</strong></span> <span class='ocrx_word' id='word_1_45' title='bbox 512 1052 635 1125; x_wconf 67' lang='lat' dir='ltr'><strong>potesta</strong></span> <span class='ocrx_word' id='word_1_46' title='bbox 670 1046 775 1104; x_wconf 83' lang='lat' dir='ltr'><strong>demus</strong></span> <span class='ocrx_word' id='word_1_47' title='bbox 812 1046 904 1105; x_wconf 92' lang='lat' dir='ltr'><strong>modo</strong></span> <span class='ocrx_word' id='word_1_48' title='bbox 940 1047 1106 1125; x_wconf 81' lang='lat' dir='ltr'><strong>praedicatr</strong></span> 
     </span>
     <span class='ocr_line' id='line_1_9' title="bbox 72 1164 1105 1240; baseline 0.001 -16"><span class='ocrx_word' id='word_1_49' title='bbox 72 1173 292 1238; x_wconf 83' lang='lat' dir='ltr'><strong>controuerso:</strong></span> <span class='ocrx_word' id='word_1_50' title='bbox 328 1167 531 1225; x_wconf 79' lang='lat' dir='ltr'><strong>verissimum</strong></span> <span class='ocrx_word' id='word_1_51' title='bbox 558 1169 591 1221; x_wconf 88' lang='lat' dir='ltr'><strong>et</strong></span> <span class='ocrx_word' id='word_1_52' title='bbox 613 1165 847 1240; x_wconf 78' lang='lat' dir='ltr'><strong>falsissimum,</strong></span> <span class='ocrx_word' id='word_1_53' title='bbox 870 1172 968 1223; x_wconf 82' lang='lat' dir='ltr'><strong>restat</strong></span> <span class='ocrx_word' id='word_1_54' title='bbox 990 1164 1105 1225; x_wconf 86' lang='lat' dir='ltr'><strong>solum:</strong></span> 
     </span>
     <span class='ocr_line' id='line_1_10' title="bbox 71 1277 1106 1358; baseline -0.004 -15"><span class='ocrx_word' id='word_1_55' title='bbox 71 1283 133 1343; x_wconf 72' lang='lat' dir='ltr'><strong>doc</strong></span> <span class='ocrx_word' id='word_1_56' title='bbox 154 1293 214 1353; x_wconf 86' lang='lat' dir='ltr'><strong>cst,</strong></span> <span class='ocrx_word' id='word_1_57' title='bbox 237 1281 312 1340; x_wconf 86' lang='lat' dir='ltr'><strong>etsi</strong></span> <span class='ocrx_word' id='word_1_58' title='bbox 335 1281 531 1357; x_wconf 83' lang='lat' dir='ltr'><strong>promiseris,</strong></span> <span class='ocrx_word' id='word_1_59' title='bbox 552 1286 584 1339; x_wconf 88' lang='lat' dir='ltr'><strong>tc</strong></span> <span class='ocrx_word' id='word_1_60' title='bbox 615 1277 725 1337; x_wconf 83' lang='lat' dir='ltr'><strong>multas</strong></span> <span class='ocrx_word' id='word_1_61' title='bbox 756 1277 831 1343; x_wconf 80' lang='lat' dir='ltr'><strong>inde</strong></span> <span class='ocrx_word' id='word_1_62' title='bbox 857 1282 1106 1358; x_wconf 79' lang='lat' dir='ltr'><strong>consequentius,</strong></span> 
     </span>
     <span class='ocr_line' id='line_1_11' title="bbox 73 1393 1105 1474; baseline 0.001 -19"><span class='ocrx_word' id='word_1_63' title='bbox 73 1397 259 1474; x_wconf 73' lang='lat' dir='ltr'><strong>easdemque</strong></span> <span class='ocrx_word' id='word_1_64' title='bbox 280 1397 483 1472; x_wconf 81' lang='lat' dir='ltr'><strong>gravissimus,</strong></span> <span class='ocrx_word' id='word_1_65' title='bbox 502 1397 624 1473; x_wconf 90' lang='lat' dir='ltr'><strong>utrique</strong></span> <span class='ocrx_word' id='word_1_66' title='bbox 644 1413 713 1453; x_wconf 83' lang='lat' dir='ltr'><strong>esso</strong></span> <span class='ocrx_word' id='word_1_67' title='bbox 734 1393 913 1468; x_wconf 83' lang='lat' dir='ltr'><strong>uliaturum,</strong></span> <span class='ocrx_word' id='word_1_68' title='bbox 940 1405 1105 1467; x_wconf 83' lang='lat' dir='ltr'><strong>certantes,</strong></span> 
     </span>
     <span class='ocr_line' id='line_1_12' title="bbox 72 1511 1026 1590; baseline -0.002 -18"><span class='ocrx_word' id='word_1_69' title='bbox 72 1515 168 1573; x_wconf 84' lang='lat' dir='ltr'><strong>armis</strong></span> <span class='ocrx_word' id='word_1_70' title='bbox 187 1514 304 1590; x_wconf 86' lang='lat' dir='ltr'><strong>positis,</strong></span> <span class='ocrx_word' id='word_1_71' title='bbox 326 1531 392 1571; x_wconf 85' lang='lat' dir='ltr'><strong>rem</strong></span> <span class='ocrx_word' id='word_1_72' title='bbox 415 1511 598 1589; x_wconf 83' lang='lat' dir='ltr'><strong>disputatum</strong></span> <span class='ocrx_word' id='word_1_73' title='bbox 623 1532 702 1583; x_wconf 80' lang='lat' dir='ltr'><strong>cass,</strong></span> <span class='ocrx_word' id='word_1_74' title='bbox 725 1511 817 1572; x_wconf 83' lang='lat' dir='ltr'><strong>facilc</strong></span> <span class='ocrx_word' id='word_1_75' title='bbox 838 1512 1026 1572; x_wconf 75' lang='lat' dir='ltr'><strong>concedent.</strong></span> 
     </span>
    </p>

    <p class='ocr_par' dir='ltr' id='par_1_3' title="bbox 70 1622 1107 2288">
     <span class='ocr_line' id='line_1_13' title="bbox 158 1622 1103 1707; baseline 0 -18"><span class='ocrx_word' id='word_1_76' title='bbox 158 1629 330 1706; x_wconf 75' lang='lat' dir='ltr'><strong>Disputatio</strong></span> <span class='ocrx_word' id='word_1_77' title='bbox 351 1630 456 1707; x_wconf 79' lang='lat' dir='ltr'><strong>igitur,</strong></span> <span class='ocrx_word' id='word_1_78' title='bbox 481 1629 613 1706; x_wconf 80' lang='lat' dir='ltr'><strong>rnegatio,</strong></span> <span class='ocrx_word' id='word_1_79' title='bbox 631 1622 756 1703; x_wconf 72' lang='grc' dir='ltr'>σκέψις,</span> <span class='ocrx_word' id='word_1_80' title='bbox 781 1629 833 1686; x_wconf 86' lang='lat' dir='ltr'><strong>ubi</strong></span> <span class='ocrx_word' id='word_1_81' title='bbox 860 1631 1039 1706; x_wconf 79' lang='lat' dir='ltr'><strong>perverterit</strong></span> <span class='ocrx_word' id='word_1_82' title='bbox 1066 1630 1103 1689; x_wconf 83' lang='lat' dir='ltr'><strong>ed</strong></span> 
     </span>
     <span class='ocr_line' id='line_1_14' title="bbox 70 1741 1106 1823; baseline -0.001 -17"><span class='ocrx_word' id='word_1_83' title='bbox 70 1746 346 1807; x_wconf 74' lang='lat' dir='ltr'><strong>abstractissimnm</strong></span> <span class='ocrx_word' id='word_1_84' title='bbox 377 1745 453 1803; x_wconf 86' lang='lat' dir='ltr'><strong>ittuu</strong></span> <span class='ocrx_word' id='word_1_85' title='bbox 483 1753 514 1803; x_wconf 87' lang='lat' dir='ltr'><strong>et</strong></span> <span class='ocrx_word' id='word_1_86' title='bbox 537 1751 644 1803; x_wconf 89' lang='lat' dir='ltr'><strong>nostro</strong></span> <span class='ocrx_word' id='word_1_87' title='bbox 678 1750 820 1823; x_wconf 83' lang='lat' dir='ltr'><strong>tempure</strong></span> <span class='ocrx_word' id='word_1_88' title='bbox 849 1746 1043 1805; x_wconf 73' lang='lat' dir='ltr'><strong>tritissimum</strong></span> <span class='ocrx_word' id='word_1_89' title='bbox 1070 1741 1106 1805; x_wconf 81' lang='grc' dir='ltr'><strong>τὸ</strong></span> 
     </span>
     <span class='ocr_line' id='line_1_15' title="bbox 72 1859 1107 1940; baseline -0.002 -16"><span class='ocrx_word' id='word_1_90' title='bbox 72 1884 155 1932; x_wconf 79' lang='lat' dir='ltr'><strong>erec,</strong></span> <span class='ocrx_word' id='word_1_91' title='bbox 176 1862 263 1940; x_wconf 85' lang='lat' dir='ltr'><strong>cujus</strong></span> <span class='ocrx_word' id='word_1_92' title='bbox 285 1862 406 1936; x_wconf 80' lang='lat' dir='ltr'><strong>negatio</strong></span> <span class='ocrx_word' id='word_1_93' title='bbox 423 1859 660 1919; x_wconf 78' lang='lat' dir='ltr'><strong>affirmationem</strong></span> <span class='ocrx_word' id='word_1_94' title='bbox 679 1861 814 1933; x_wconf 78' lang='lat' dir='ltr'><strong>involuit,</strong></span> <span class='ocrx_word' id='word_1_95' title='bbox 838 1861 958 1923; x_wconf 82' lang='lat' dir='ltr'><strong>desinat</strong></span> <span class='ocrx_word' id='word_1_96' title='bbox 975 1880 1107 1923; x_wconf 81' lang='lat' dir='ltr'><strong>necesso</strong></span> 
     </span>
     <span class='ocr_line' id='line_1_16' title="bbox 71 1977 1105 2066; baseline 0.004 -30"><span class='ocrx_word' id='word_1_97' title='bbox 71 1986 133 2066; x_wconf 84' lang='lat' dir='ltr'><strong>eat.</strong></span> <span class='ocrx_word' id='word_1_98' title='bbox 176 1979 256 2037; x_wconf 87' lang='lat' dir='ltr'><strong>Hinc</strong></span> <span class='ocrx_word' id='word_1_99' title='bbox 279 1977 570 2054; x_wconf 86' lang='lat' dir='ltr'><strong>itaqueabsuiutum</strong></span> <span class='ocrx_word' id='word_1_100' title='bbox 595 1997 678 2036; x_wconf 80' lang='lat' dir='ltr'><strong>verec</strong></span> <span class='ocrx_word' id='word_1_101' title='bbox 705 1981 843 2038; x_wconf 75' lang='lat' dir='ltr'><strong>scientim</strong></span> <span class='ocrx_word' id='word_1_102' title='bbox 873 1980 993 2040; x_wconf 87' lang='lat' dir='ltr'><strong>initium</strong></span> <span class='ocrx_word' id='word_1_103' title='bbox 1022 1999 1105 2057; x_wconf 81' lang='lat' dir='ltr'><strong>qnae-</strong></span> 
     </span>
     <span class='ocr_line' id='line_1_17' title="bbox 71 2092 1104 2169; baseline 0 -14"><span class='ocrx_word' id='word_1_104' title='bbox 71 2094 204 2155; x_wconf 82' lang='lat' dir='ltr'><strong>rendum</strong></span> <span class='ocrx_word' id='word_1_105' title='bbox 230 2103 287 2152; x_wconf 90' lang='lat' dir='ltr'><strong>est.</strong></span> <span class='ocrx_word' id='word_1_106' title='bbox 333 2092 413 2152; x_wconf 83' lang='lat' dir='ltr'><strong>Num</strong></span> <span class='ocrx_word' id='word_1_107' title='bbox 435 2099 536 2153; x_wconf 82' lang='lat' dir='ltr'><strong>tumen</strong></span> <span class='ocrx_word' id='word_1_108' title='bbox 561 2095 619 2154; x_wconf 86' lang='lat' dir='ltr'><strong>huc</strong></span> <span class='ocrx_word' id='word_1_109' title='bbox 636 2096 682 2153; x_wconf 85' lang='lat' dir='ltr'><strong>via</strong></span> <span class='ocrx_word' id='word_1_110' title='bbox 702 2103 806 2169; x_wconf 88' lang='lat' dir='ltr'><strong>strata,</strong></span> <span class='ocrx_word' id='word_1_111' title='bbox 826 2115 854 2155; x_wconf 86' lang='lat' dir='ltr'><strong>u:</strong></span> <span class='ocrx_word' id='word_1_112' title='bbox 878 2097 1019 2156; x_wconf 85' lang='lat' dir='ltr'><strong>notiones</strong></span> <span class='ocrx_word' id='word_1_113' title='bbox 1037 2098 1104 2155; x_wconf 90' lang='lat' dir='ltr'><strong>uui-</strong></span> 
     </span>
     <span class='ocr_line' id='line_1_18' title="bbox 71 2210 1102 2288; baseline 0.001 -18"><span class='ocrx_word' id='word_1_114' title='bbox 71 2211 207 2271; x_wconf 80' lang='lat' dir='ltr'><strong>versatea</strong></span> <span class='ocrx_word' id='word_1_115' title='bbox 229 2210 457 2287; x_wconf 87' lang='lat' dir='ltr'><strong>persequendo,</strong></span> <span class='ocrx_word' id='word_1_116' title='bbox 480 2211 517 2270; x_wconf 87' lang='lat' dir='ltr'><strong>ud</strong></span> <span class='ocrx_word' id='word_1_117' title='bbox 530 2212 601 2270; x_wconf 79' lang='lat' dir='ltr'><strong>vitoe</strong></span> <span class='ocrx_word' id='word_1_118' title='bbox 621 2210 855 2287; x_wconf 81' lang='lat' dir='ltr'><strong>plenitudinem,</strong></span> <span class='ocrx_word' id='word_1_119' title='bbox 881 2212 962 2272; x_wconf 89' lang='lat' dir='ltr'><strong>unde</strong></span> <span class='ocrx_word' id='word_1_120' title='bbox 983 2215 1102 2288; x_wconf 82' lang='lat' dir='ltr'><strong>egressi</strong></span> 
     </span>
    </p>
   </div>
   <div class='ocr_carea' id='block_1_3' title="bbox 71 2325 1104 2406">
    <p class='ocr_par' dir='ltr' id='par_1_4' title="bbox 71 2325 1104 2406">
     <span class='ocr_line' id='line_1_19' title="bbox 71 2325 1104 2406; baseline 0 -18"><span class='ocrx_word' id='word_1_121' title='bbox 71 2347 189 2399; x_wconf 86' lang='lat' dir='ltr'><strong>sumus,</strong></span> <span class='ocrx_word' id='word_1_122' title='bbox 210 2328 270 2385; x_wconf 88' lang='lat' dir='ltr'><strong>rite</strong></span> <span class='ocrx_word' id='word_1_123' title='bbox 292 2325 496 2403; x_wconf 79' lang='lat' dir='ltr'><strong>detegendam</strong></span> <span class='ocrx_word' id='word_1_124' title='bbox 516 2327 671 2402; x_wconf 83' lang='lat' dir='ltr'><strong>perveniri</strong></span> <span class='ocrx_word' id='word_1_125' title='bbox 693 2328 808 2405; x_wconf 88' lang='lat' dir='ltr'><strong>possit,</strong></span> <span class='ocrx_word' id='word_1_126' title='bbox 826 2330 918 2406; x_wconf 77' lang='lat' dir='ltr'><strong>louge</strong></span> <span class='ocrx_word' id='word_1_127' title='bbox 941 2328 1000 2388; x_wconf 83' lang='lat' dir='ltr'><strong>atis</strong></span> <span class='ocrx_word' id='word_1_128' title='bbox 1020 2349 1104 2406; x_wconf 69' lang='lat' dir='ltr'><strong>quac·</strong></span> 
     </span>
    </p>
   </div>
   <div class='ocr_carea' id='block_1_4' title="bbox 57 2447 1105 3807">
    <p class='ocr_par' dir='ltr' id='par_1_5' title="bbox 71 2447 216 2508">
     <span class='ocr_line' id='line_1_20' title="bbox 71 2447 216 2508; baseline 0.021 -3"><span class='ocrx_word' id='word_1_129' title='bbox 71 2447 135 2505; x_wconf 83' lang='lat' dir='ltr'><strong>atio</strong></span> <span class='ocrx_word' id='word_1_130' title='bbox 158 2450 216 2508; x_wconf 87' lang='lat' dir='ltr'><strong>ert.</strong></span> 
     </span>
    </p>

    <p class='ocr_par' dir='ltr' id='par_1_6' title="bbox 57 2560 1105 3807">
     <span class='ocr_line' id='line_1_21' title="bbox 156 2560 1104 2639; baseline 0 -19"><span class='ocrx_word' id='word_1_131' title='bbox 156 2560 251 2633; x_wconf 81' lang='lat' dir='ltr'><strong>Cum,</strong></span> <span class='ocrx_word' id='word_1_132' title='bbox 274 2563 327 2638; x_wconf 85' lang='lat' dir='ltr'><strong>qui</strong></span> <span class='ocrx_word' id='word_1_133' title='bbox 352 2563 382 2620; x_wconf 92' lang='lat' dir='ltr'><strong>in</strong></span> <span class='ocrx_word' id='word_1_134' title='bbox 402 2562 528 2621; x_wconf 90' lang='lat' dir='ltr'><strong>notione</strong></span> <span class='ocrx_word' id='word_1_135' title='bbox 549 2560 588 2621; x_wconf 73' lang='lat' dir='ltr'><strong>cei</strong></span> <span class='ocrx_word' id='word_1_136' title='bbox 611 2577 679 2618; x_wconf 85' lang='lat' dir='ltr'><strong>esse</strong></span> <span class='ocrx_word' id='word_1_137' title='bbox 705 2562 784 2619; x_wconf 89' lang='lat' dir='ltr'><strong>inest</strong></span> <span class='ocrx_word' id='word_1_138' title='bbox 810 2561 951 2619; x_wconf 81' lang='lat' dir='ltr'><strong>stimulus</strong></span> <span class='ocrx_word' id='word_1_139' title='bbox 977 2580 1104 2639; x_wconf 79' lang='lat' dir='ltr'><strong>progre-</strong></span> 
     </span>
     <span class='ocr_line' id='line_1_22' title="bbox 70 2675 1105 2754; baseline 0.002 -17"><span class='ocrx_word' id='word_1_140' title='bbox 70 2677 186 2737; x_wconf 84' lang='lat' dir='ltr'><strong>diendi.</strong></span> <span class='ocrx_word' id='word_1_141' title='bbox 205 2677 400 2748; x_wconf 80' lang='lat' dir='ltr'><strong>dialecticus,</strong></span> <span class='ocrx_word' id='word_1_142' title='bbox 437 2678 476 2736; x_wconf 91' lang='lat' dir='ltr'><strong>ab</strong></span> <span class='ocrx_word' id='word_1_143' title='bbox 496 2676 630 2754; x_wconf 84' lang='lat' dir='ltr'><strong>llegclio</strong></span> <span class='ocrx_word' id='word_1_144' title='bbox 662 2675 806 2736; x_wconf 85' lang='lat' dir='ltr'><strong>detectus</strong></span> <span class='ocrx_word' id='word_1_145' title='bbox 844 2685 943 2750; x_wconf 84' lang='lat' dir='ltr'><strong>essct,</strong></span> <span class='ocrx_word' id='word_1_146' title='bbox 978 2687 1011 2738; x_wconf 91' lang='lat' dir='ltr'><strong>ut</strong></span> <span class='ocrx_word' id='word_1_147' title='bbox 1044 2697 1105 2739; x_wconf 87' lang='lat' dir='ltr'><strong>rron</strong></span> 
     </span>
     <span class='ocr_line' id='line_1_23' title="bbox 57 2785 1104 2871; baseline 0.001 -17"><span class='ocrx_word' id='word_1_148' title='bbox 57 2794 218 2871; x_wconf 6' lang='lat' dir='ltr'><strong>emptius,</strong></span> <span class='ocrx_word' id='word_1_149' title='bbox 247 2795 327 2852; x_wconf 86' lang='lat' dir='ltr'><strong>sicut</strong></span> <span class='ocrx_word' id='word_1_150' title='bbox 349 2794 467 2854; x_wconf 80' lang='lat' dir='ltr'><strong>Eteutae</strong></span> <span class='ocrx_word' id='word_1_151' title='bbox 493 2793 576 2866; x_wconf 86' lang='lat' dir='ltr'><strong>clim,</strong></span> <span class='ocrx_word' id='word_1_152' title='bbox 599 2787 634 2852; x_wconf 83' lang='grc' dir='ltr'><strong>τὸ</strong></span> <span class='ocrx_word' id='word_1_153' title='bbox 654 2785 687 2851; x_wconf 60' lang='grc' dir='ltr'><strong>(ἐν</strong></span> <span class='ocrx_word' id='word_1_154' title='bbox 714 2787 749 2852; x_wconf 82' lang='grc' dir='ltr'><strong>τὸ</strong></span> <span class='ocrx_word' id='word_1_155' title='bbox 771 2794 832 2851; x_wconf 81' lang='grc' dir='ltr'><strong>πᾶν</strong></span> <span class='ocrx_word' id='word_1_156' title='bbox 856 2794 980 2853; x_wconf 82' lang='lat' dir='ltr'><strong>assidue</strong></span> <span class='ocrx_word' id='word_1_157' title='bbox 998 2794 1104 2855; x_wconf 84' lang='lat' dir='ltr'><strong>clemi-</strong></span> 
     </span>
     <span class='ocr_line' id='line_1_24' title="bbox 71 2909 1105 2988; baseline 0.004 -20"><span class='ocrx_word' id='word_1_158' title='bbox 71 2915 183 2980; x_wconf 80' lang='lat' dir='ltr'><strong>tentes,</strong></span> <span class='ocrx_word' id='word_1_159' title='bbox 203 2911 234 2968; x_wconf 92' lang='lat' dir='ltr'><strong>in</strong></span> <span class='ocrx_word' id='word_1_160' title='bbox 261 2911 428 2987; x_wconf 73' lang='lat' dir='ltr'><strong>tautologia</strong></span> <span class='ocrx_word' id='word_1_161' title='bbox 457 2909 694 2971; x_wconf 80' lang='lat' dir='ltr'><strong>universalitatis</strong></span> <span class='ocrx_word' id='word_1_162' title='bbox 721 2910 892 2986; x_wconf 85' lang='lat' dir='ltr'><strong>persistere</strong></span> <span class='ocrx_word' id='word_1_163' title='bbox 919 2921 1105 2988; x_wconf 77' lang='lat' dir='ltr'><strong>cogerentur</strong></span> 
     </span>
     <span class='ocr_line' id='line_1_25' title="bbox 69 3024 1104 3106; baseline 0.002 -21"><span class='ocrx_word' id='word_1_164' title='bbox 69 3025 190 3103; x_wconf 70' lang='lat' dir='ltr'><strong>Lupici,</strong></span> <span class='ocrx_word' id='word_1_165' title='bbox 212 3027 308 3100; x_wconf 83' lang='lat' dir='ltr'><strong>multi,</strong></span> <span class='ocrx_word' id='word_1_166' title='bbox 331 3026 437 3086; x_wconf 81' lang='lat' dir='ltr'><strong>luorum</strong></span> <span class='ocrx_word' id='word_1_167' title='bbox 454 3028 516 3106; x_wconf 86' lang='lat' dir='ltr'><strong>jum</strong></span> <span class='ocrx_word' id='word_1_168' title='bbox 537 3026 676 3097; x_wconf 75' lang='lat' dir='ltr'><strong>vertisse,</strong></span> <span class='ocrx_word' id='word_1_169' title='bbox 698 3024 885 3098; x_wconf 80' lang='lat' dir='ltr'><strong>ercdebent3</strong></span> <span class='ocrx_word' id='word_1_170' title='bbox 909 3026 1104 3104; x_wconf 79' lang='lat' dir='ltr'><strong>disputabunt</strong></span> 
     </span>
     <span class='ocr_line' id='line_1_26' title="bbox 71 3141 1104 3222; baseline 0.002 -20"><span class='ocrx_word' id='word_1_171' title='bbox 71 3145 113 3202; x_wconf 90' lang='lat' dir='ltr'><strong>ita</strong></span> <span class='ocrx_word' id='word_1_172' title='bbox 131 3141 170 3200; x_wconf 88' lang='lat' dir='ltr'><strong>dc</strong></span> <span class='ocrx_word' id='word_1_173' title='bbox 191 3143 267 3202; x_wconf 79' lang='lat' dir='ltr'><strong>mira</strong></span> <span class='ocrx_word' id='word_1_174' title='bbox 287 3143 354 3221; x_wconf 85' lang='lat' dir='ltr'><strong>ejus</strong></span> <span class='ocrx_word' id='word_1_175' title='bbox 377 3144 511 3203; x_wconf 80' lang='lat' dir='ltr'><strong>notionis</strong></span> <span class='ocrx_word' id='word_1_176' title='bbox 536 3146 728 3220; x_wconf 82' lang='lat' dir='ltr'><strong>paupertate,</strong></span> <span class='ocrx_word' id='word_1_177' title='bbox 748 3159 816 3198; x_wconf 92' lang='lat' dir='ltr'><strong>cum</strong></span> <span class='ocrx_word' id='word_1_178' title='bbox 851 3143 1015 3220; x_wconf 78' lang='lat' dir='ltr'><strong>praeceptis</strong></span> <span class='ocrx_word' id='word_1_179' title='bbox 1037 3147 1104 3222; x_wconf 89' lang='lat' dir='ltr'><strong>opi·</strong></span> 
     </span>
     <span class='ocr_line' id='line_1_27' title="bbox 70 3255 1104 3342; baseline 0.002 -25"><span class='ocrx_word' id='word_1_180' title='bbox 70 3258 213 3317; x_wconf 85' lang='lat' dir='ltr'><strong>niouibus</strong></span> <span class='ocrx_word' id='word_1_181' title='bbox 237 3260 266 3318; x_wconf 91' lang='lat' dir='ltr'><strong>in</strong></span> <span class='ocrx_word' id='word_1_182' title='bbox 287 3261 429 3337; x_wconf 84' lang='lat' dir='ltr'><strong>abyssum</strong></span> <span class='ocrx_word' id='word_1_183' title='bbox 459 3257 674 3318; x_wconf 85' lang='lat' dir='ltr'><strong>abstractionis</strong></span> <span class='ocrx_word' id='word_1_184' title='bbox 700 3255 849 3328; x_wconf 82' lang='lat' dir='ltr'><strong>detrusis,</strong></span> <span class='ocrx_word' id='word_1_185' title='bbox 879 3257 1104 3342; x_wconf 83' lang='lat' dir='ltr'><strong>simplicissima</strong></span> 
     </span>
     <span class='ocr_line' id='line_1_28' title="bbox 70 3373 1103 3454; baseline 0.002 -20"><span class='ocrx_word' id='word_1_186' title='bbox 70 3381 252 3452; x_wconf 72' lang='lat' dir='ltr'><strong>appareret,</strong></span> <span class='ocrx_word' id='word_1_187' title='bbox 275 3375 377 3454; x_wconf 82' lang='lat' dir='ltr'><strong>deque</strong></span> <span class='ocrx_word' id='word_1_188' title='bbox 401 3377 511 3448; x_wconf 80' lang='lat' dir='ltr'><strong>eximis</strong></span> <span class='ocrx_word' id='word_1_189' title='bbox 534 3374 675 3454; x_wconf 84' lang='lat' dir='ltr'><strong>ejusdem</strong></span> <span class='ocrx_word' id='word_1_190' title='bbox 699 3373 874 3452; x_wconf 85' lang='lat' dir='ltr'><strong>uputcutia,</strong></span> <span class='ocrx_word' id='word_1_191' title='bbox 902 3393 971 3435; x_wconf 92' lang='lat' dir='ltr'><strong>curn</strong></span> <span class='ocrx_word' id='word_1_192' title='bbox 995 3394 1103 3436; x_wconf 82' lang='lat' dir='ltr'><strong>omncs</strong></span> 
     </span>
     <span class='ocr_line' id='line_1_29' title="bbox 70 3490 1104 3572; baseline -0.001 -19"><span class='ocrx_word' id='word_1_193' title='bbox 70 3495 230 3572; x_wconf 82' lang='lat' dir='ltr'><strong>supientiae</strong></span> <span class='ocrx_word' id='word_1_194' title='bbox 252 3492 392 3552; x_wconf 86' lang='lat' dir='ltr'><strong>thesauri</strong></span> <span class='ocrx_word' id='word_1_195' title='bbox 415 3494 445 3551; x_wconf 91' lang='lat' dir='ltr'><strong>in</strong></span> <span class='ocrx_word' id='word_1_196' title='bbox 469 3510 504 3551; x_wconf 89' lang='lat' dir='ltr'><strong>ea</strong></span> <span class='ocrx_word' id='word_1_197' title='bbox 528 3492 638 3551; x_wconf 83' lang='lat' dir='ltr'><strong>inclusi</strong></span> <span class='ocrx_word' id='word_1_198' title='bbox 663 3498 859 3565; x_wconf 65' lang='lat' dir='ltr'><strong>tenetentum</strong></span> <span class='ocrx_word' id='word_1_199' title='bbox 889 3490 919 3549; x_wconf 92' lang='lat' dir='ltr'><strong>in</strong></span> <span class='ocrx_word' id='word_1_200' title='bbox 943 3491 1011 3569; x_wconf 83' lang='lat' dir='ltr'><strong>ejus</strong></span> <span class='ocrx_word' id='word_1_201' title='bbox 1033 3510 1104 3570; x_wconf 78' lang='lat' dir='ltr'><strong>grc-</strong></span> 
     </span>
     <span class='ocr_line' id='line_1_30' title="bbox 69 3607 1102 3687; baseline 0.001 -19"><span class='ocrx_word' id='word_1_202' title='bbox 69 3609 133 3669; x_wconf 87' lang='lat' dir='ltr'><strong>mio</strong></span> <span class='ocrx_word' id='word_1_203' title='bbox 153 3608 251 3668; x_wconf 85' lang='lat' dir='ltr'><strong>latere</strong></span> <span class='ocrx_word' id='word_1_204' title='bbox 269 3628 336 3668; x_wconf 89' lang='lat' dir='ltr'><strong>cnm</strong></span> <span class='ocrx_word' id='word_1_205' title='bbox 365 3609 531 3687; x_wconf 82' lang='lat' dir='ltr'><strong>praescutia</strong></span> <span class='ocrx_word' id='word_1_206' title='bbox 558 3616 622 3667; x_wconf 92' lang='lat' dir='ltr'><strong>tum</strong></span> <span class='ocrx_word' id='word_1_207' title='bbox 650 3608 754 3668; x_wconf 81' lang='lat' dir='ltr'><strong>sutura</strong></span> <span class='ocrx_word' id='word_1_208' title='bbox 779 3615 810 3666; x_wconf 87' lang='lat' dir='ltr'><strong>et</strong></span> <span class='ocrx_word' id='word_1_209' title='bbox 830 3607 927 3667; x_wconf 86' lang='lat' dir='ltr'><strong>Deum</strong></span> <span class='ocrx_word' id='word_1_210' title='bbox 957 3619 989 3668; x_wconf 87' lang='lat' dir='ltr'><strong>ct</strong></span> <span class='ocrx_word' id='word_1_211' title='bbox 1015 3629 1102 3669; x_wconf 88' lang='lat' dir='ltr'><strong>runn-</strong></span> 
     </span>
     <span class='ocr_line' id='line_1_31' title="bbox 70 3721 1099 3807; baseline -0.001 -24"><span class='ocrx_word' id='word_1_212' title='bbox 70 3723 142 3784; x_wconf 88' lang='lat' dir='ltr'><strong>dum</strong></span> <span class='ocrx_word' id='word_1_213' title='bbox 163 3727 319 3807; x_wconf 71' lang='lat' dir='ltr'><strong>coicitunt3</strong></span> <span class='ocrx_word' id='word_1_214' title='bbox 337 3726 408 3804; x_wconf 84' lang='lat' dir='ltr'><strong>quid</strong></span> <span class='ocrx_word' id='word_1_215' title='bbox 429 3721 547 3784; x_wconf 76' lang='lat' dir='ltr'><strong>inulta?</strong></span> <span class='ocrx_word' id='word_1_216' title='bbox 567 3725 628 3797; x_wconf 80' lang='lat' dir='ltr'><strong>hoc</strong></span> <span class='ocrx_word' id='word_1_217' title='bbox 651 3746 719 3788; x_wconf 78' lang='lat' dir='ltr'><strong>esso</strong></span> <span class='ocrx_word' id='word_1_218' title='bbox 737 3733 881 3801; x_wconf 87' lang='lat' dir='ltr'><strong>tunquum</strong></span> <span class='ocrx_word' id='word_1_219' title='bbox 903 3742 1007 3782; x_wconf 84' lang='lat' dir='ltr'><strong>verum</strong></span> <span class='ocrx_word' id='word_1_220' title='bbox 1032 3724 1099 3782; x_wconf 93' lang='lat' dir='ltr'><strong>uni·</strong></span> 
     </span>
    </p>
   </div>
   <div class='ocr_carea' id='block_1_5' title="bbox 0 0 1234 4178">
    <p class='ocr_par' dir='ltr' id='par_1_7' title="bbox 0 0 1234 4178">
     <span class='ocr_line' id='line_1_32' title="bbox 0 0 1234 4178; baseline 0 0"><span class='ocrx_word' id='word_1_221' title='bbox 0 0 1234 4178; x_wconf 95' lang='lat' dir='ltr'><strong> </strong></span> 
     </span>
    </p>
   </div>
  </div>
 </body>
</html>
