2460 4178
529 385 622 464 qno.

148 534 205 596 Die
227 536 302 595 nrihl
326 536 423 614 qualis
444 538 484 594 sit
507 536 714 614 uretophpsioo
738 545 805 608 tuo,
824 546 855 596 et
878 536 1008 618 demptis
1030 546 1095 620 opl-

64 653 208 712 uionibus
225 652 361 730 privetis,
374 652 470 711 dicum
484 653 550 724 tihi,
573 630 691 729 qualem
712 651 912 731 dogmaticum
932 657 1096 735 scripturn

61 769 353 847 interpretationem
376 767 528 847 proferes.
566 768 677 846 Neque
700 769 780 826 enirn
800 770 964 845 oredimus,
986 774 1011 832 sl
1028 794 1099 853 pro·

63 884 178 958 dterls,
200 892 234 943 te
253 884 364 945 nullom
387 887 476 964 sequi
500 882 750 962 motuphysicom,
772 884 818 944 sin
841 894 943 947 notem
962 889 1096 963 diceres,

62 1002 190 1063 nescire
215 1010 246 1062 te
272 1020 430 1082 quemnam
464 1001 659 1081 sequereris,
694 1000 944 1074 crederemus¹).
994 1006 1097 1082 Quare

61 1118 165 1178 omnis
187 1116 352 1181 crltlolsml
377 1118 627 1199 progressus‚·si
651 1116 852 1198 dogmaticum
879 1128 911 1182 et
937 1123 1097 1185 scientium

63 1218 272 1316 theologicum
288 1243 422 1315 spectus,
439 1234 610 1316 sperandus
633 1241 682 1295 est
699 1255 759 1296 nou
779 1254 816 1295 ex
832 1236 1096 1316 disqulrsltionihn

60 1360 117 1413 ant
135 1349 294 1412 historicis
307 1362 357 1413 out
376 1353 571 1432 philologieis
588 1353 689 1412 ‹lerruo
708 1355 859 1432 repetitis,
878 1355 931 1414 sod
954 1376 991 1418 ex
1003 1369 1098 1420 meto·

28 1490 31 1495 ·
61 1467 194 1548 physion
216 1467 418 1530 emendanda.
458 1470 552 1546 ,Quod
584 1471 611 1529 si
637 1470 877 1548 metrphpsloom
904 1491 1011 1533 eorum
1041 1495 1097 1554 per

61 1576 173 1644 omnes
190 1584 258 1663 ejus
279 1592 382 1664 portes
402 1593 509 1646 contro
530 1585 719 1664 objectiones
738 1583 914 1646 dloleotlons
927 1588 1097 1650 defendere

62 1707 211 1783 possunt,
239 1708 303 1761 tum
328 1703 479 1762 roristobit
506 1703 564 1763 sibi
595 1701 751 1780 theologie
789 1702 917 1776 critico,
954 1722 1098 1784 supremo

62 1819 205 1878 scientior
228 1817 337 1891 forms,
361 1836 450 1897 quom
469 1820 502 1878 in
515 1819 573 1879 hoo
588 1819 648 1878 rite
660 1819 806 1878 mortales
822 1821 941 1898 assequi
962 1832 1099 1900 possunt,

75 1934 264 2008 laudabitur3
293 1935 340 1994 sio
376 1935 474 1995 miuus
501 1934 581 1995 ultra
613 1934 759 2014 progredi
783 1937 883 1998 licent.
934 1939 1011 1999 Utut
1034 1947 1098 2001 est:

65 2050 210 2112 defensio
235 2071 271 2112 ex
294 2032 380 2112 sucro
399 2054 550 2132 scripturo
572 2053 634 2131 peti
656 2072 715 2112 nou
738 2056 868 2132 poterit3
891 2054 947 2112 sed
972 2055 1098 2115 oudieu·

64 2168 138 2228 dum
162 2174 220 2247 est,
241 2168 322 2248 quod
348 2176 454 2228 nostro
483 2177 623 2248 temporo
653 2167 807 2248 neptus2)
835 2169 1003 2230 inculcetur
1031 2170 1099 2231 Gle-

63 2287 179 2346 meulls
199 2286 290 2348 illud:
310 2284 628 2368 „Philosophorudum
650 2295 710 2356 est,
734 2288 784 2345 oet
806 2288 836 2344 εἰ
853 2288 985 2347 minime
996 2289 1100 2368 philo-

62 2390 265 2484 hophoudum
288 2398 412 2482 ert⁸).“

138 2571 165 2642 Ι)
182 2576 222 2626 Es
240 2575 302 2627 hillt
320 2575 365 2626 der
382 2576 523 2640 theologis
543 2577 638 2639 niehts,
657 2576 714 2627 sich
733 2578 849 2640 dogogen
865 2593 899 2628 nu
914 2577 1048 2644 strtnheu,
1066 2594 1099 2628 nu

186 2682 284 2732 segon:
306 2669 345 2719 sie
362 2670 440 2720 wolle
459 2668 544 2720 niehte
562 2684 614 2719 von
632 2667 801 2734 philosophie
822 2668 938 2734 nissen,
963 2685 992 2720 es
1017 2685 1100 2736 seyen

166 2759 169 2763 ’
187 2758 398 2828 Philosophum,
422 2762 479 2813 elso
499 2763 550 2813 eol
565 2760 610 2813 der
622 2761 690 2813 Seite
707 2761 792 2826 liegen
806 2776 841 2814 nu
860 2763 963 2815 lossen.
1000 2762 1043 2812 Sie
1054 2762 1100 2813 hot

189 2869 220 2905 ss
237 2853 393 2930 inmerxmit
404 2855 547 2907 dedomo
565 2870 598 2907 su
611 2855 684 2922 thro,
703 2855 791 2906 diosie
804 2855 936 2920 mithringt
942 2872 951 2920 3
970 2853 1101 2906 onddiese

59 2982 64 2991 ·
163 2982 166 2987 -
188 2945 246 2999 itus
263 2947 662 3013 subjeetivenWorstollrugen,
680 2950 835 3014 Gedooken,
853 2951 910 3001 ihro
929 2951 1023 2999 Heus·
1050 2948 1101 2998 nod

188 3038 474 3106 Privathiotaphysik
493 3039 551 3090 siud
577 3041 646 3091 dono
673 3041 714 3092 die
732 3041 915 3104 liedexiouen,
944 3039 1101 3102 Meinnugen

187 3145 214 3181 n.
233 3144 257 3184 s.
277 3133 297 3183 l'.
318 3133 363 3182 der
382 3130 443 3182 Zoit
456 3165 503 3184 ...
519 3166 526 3180 .
545 3130 616 3183 diere
634 3133 803 3196 ollgomelneu
818 3130 1026 3196 Vorstelluogen
1045 3131 1102 3184 sind

186 3221 289 3288 riehts,
315 3224 357 3273 als
376 3237 434 3273 was
461 3220 519 3272 siuti
537 3224 589 3274 eut
602 3224 649 3274 der
666 3226 840 3274 Reerstrosse
857 3223 953 3287 findet,
979 3239 1036 3274 wos
1055 3226 1106 3276 sut

188 3315 234 3365 der
244 3315 402 3366 Oberlltohs
421 3316 467 3366 der
480 3314 543 3364 zeto
562 3315 819 3367 unhersohwimrnt.·
837 3312 935 3380 negeb
952 3315 1102 3369 deschioht.

191 3408 214 3456 d.
228 3398 299 3461 Phil.
318 3407 381 3472 (W.
405 3408 435 3458 15
452 3409 485 3460 li.
504 3423 528 3472 p.
548 3406 621 3471 268).

138 3497 169 3565 ²)
188 3499 244 3550 cir.
263 3502 440 3554 Fultoorler:
460 3500 558 3551 vorles
576 3500 610 3550 db
632 3514 704 3564 sper.
718 3501 812 3563 Dogm.
827 3500 883 3551 lli.
892 3516 918 3566 p.
928 3502 967 3553 17.
985 3506 1015 3556 J.
1024 3507 1103 3554 Mer-

192 3596 286 3642 tsnseu
303 3593 321 3643 l.
342 3591 398 3658 is
423 3592 443 3640 l.

71 3700 74 3705 ·
133 3681 162 3750 ²)
183 3686 239 3734 tior
258 3684 337 3736 etism
354 3685 459 3736 illorsur
476 3680 679 3748 hgerlosisshni
699 3688 725 3735 et
742 3685 902 3743 celeberrimi
924 3684 1109 3748 theologorum

70 3803 73 3808 -
92 3810 95 3815 .
192 3784 359 3839 agnoverunt
377 3792 400 3828 r.
414 3789 436 3825 e.
457 3774 648 3831 DeWettiusz
662 3812 669 3828 .
737 3777 780 3831 ioh
798 3778 972 3833 schmelrheie
989 3777 1040 3829 mir
1059 3770 1114 3826 nit

888 3873 905 3921 8

1116 3734 1168 3954 l
