2460 4178
60 367 257 435 restauratio,
278 363 319 423 de
340 383 398 442 qua
419 383 512 443 supra
529 363 782 445 diximus(clr.§
804 365 852 442 4),
874 367 1094 426 sensualiamaa

59 484 184 562 qnidam
207 483 437 542 eccleslaaticus
462 480 592 554 accedit,
611 501 679 541 cum
693 483 789 541 ruenti
802 482 862 560 ptae
874 481 967 540 veluti
983 482 1093 543 talmlae

61 618 142 659 raaae
184 599 397 677 imprimantur
433 599 636 657 immutabiles
676 599 804 676 spiritus
844 599 940 657 sancti
974 599 1094 670 formae,

60 735 264 794 cumquenon
287 734 425 793 organon
452 716 601 784 veritatis,
625 712 680 772 sed
701 715 797 772 torma
821 714 987 774 formarum
1003 717 1095 794 spiri·

59 841 110 890 tue
129 833 227 890 aarrcti
250 835 467 902 constituatur,
491 831 684 890 extrinsecus
696 848 752 907 ner
765 831 923 908 empiriam
940 833 1094 911 uulgarem

61 947 264 1026 phoenomena
286 950 397 1025 aspicit
420 957 451 1006 et
475 949 505 1006 in
530 947 726 1024 opinionibus
752 947 844 1005 meris
868 947 1095 1029 acquiescit.¹)‚

60 1072 154 1142 etque
184 1065 226 1124 ita
256 1065 398 1125 laudatur
431 1065 602 1123 sententia:
639 1065 693 1124 udi
720 1067 853 1124 ecclesio
886 1066 931 1124 idi
949 1067 1095 1144 spiritns.

62 1180 105 1240 Ut
128 1200 202 1240 earo
224 1183 435 1241 institutiones
456 1181 675 1240 ecclesiasticae
697 1176 754 1239 sibi
774 1188 930 1254 constent,
952 1201 1095 1260 qaaernn-

63 1312 116 1357 tor
138 1317 253 1376 organa
274 1299 400 1377 spiritua
421 1299 519 1358 sancti
543 1296 695 1374 primitiva
718 1297 738 1360 i.
762 1296 1002 1360 nocentiores.
1036 1298 1096 1375 Qui

60 1434 132 1474 cnm
164 1433 266 1492 neque
295 1415 428 1473 coelitus
460 1413 671 1482 descendant,
702 1432 803 1490 neque
831 1432 869 1471 eo
898 1415 984 1490 ipso,
1012 1415 1095 1492 qnod

61 1539 234 1599 nascautur,
256 1531 470 1590 anctoritatem
486 1530 629 1599 habeant,
651 1526 772 1587 elaicia
791 1529 956 1606 eligantur,
969 1548 1097 1592 neocaes

62 1655 127 1719 est;
154 1665 249 1724 qnare
272 1647 420 1705 transitus
440 1666 455 1703 a
478 1647 576 1704 classe
599 1646 747 1704 laicorum
777 1645 806 1704 in
828 1643 969 1704 ordinem
993 1661 1097 1704 sacer·

62 1766 168 1824 dotum
196 1763 317 1845 maximi
346 1769 393 1820 est
421 1763 578 1821 momenti.
623 1761 699 1821 Cum
722 1779 830 1820 omnes
848 1760 937 1826 laici.
966 1779 1096 1838 quorum

62 1880 185 1958 qnando
215 1879 253 1938 de
284 1880 447 1937 sententiis
475 1879 695 1938 ecclesiasticis
723 1877 916 1956 corrigendis
937 1886 969 1936 et
991 1897 1096 1937 emen-

61 1996 173 2067 dandis
202 1997 322 2072 agitur,
361 1995 443 2055 nulla
476 2015 533 2059 nec
568 1995 682 2072 ingenii
718 2013 775 2055 neo
803 1993 987 2054 eruditionis
1016 1995 1096 2055 ratio

62 2113 206 2184 habetur,
237 2113 345 2172 eadem
376 2114 530 2172 coecitate
555 2112 717 2181 laborent,
750 2111 832 2172 nulla
866 2109 1096 2172 illuminationis

62 2229 203 2310 gradatio
224 2229 280 2289 hac
303 2247 339 2287 ex
362 2239 447 2309 parte
470 2231 648 2288 incensum
672 2228 767 2286 verrit.
818 2227 900 2285 Ante
924 2223 1095 2284 ordinatio-

64 2365 135 2407 nem
158 2345 249 2405 modo
279 2344 462 2404 secundaria
482 2347 602 2406 ratione
624 2343 750 2422 spiritus
774 2340 882 2414 adeat;
916 2363 974 2422 per
997 2345 1096 2421 legiti-

63 2483 142 2523 mam
166 2462 287 2521 ‹lemum
320 2444 544 2521 ordinationem
568 2461 688 2522 accedit
716 2459 845 2538 spiritns
875 2467 1017 2532 maratus,
1044 2461 1097 2537 qui

62 2584 282 2643 characterem
312 2581 512 2640 indelebilem
536 2579 702 2638 corruituit.
751 2574 793 2634 lta
820 2575 948 2653 spiritus
972 2574 1096 2652 quidem

64 2697 140 2758 lacit
166 2695 378 2766 sacerdotem,
413 2697 439 2754 si
474 2714 547 2755 vero
575 2695 735 2754 criterium
767 2692 942 2772 nraescutiae
969 2692 1097 2769 nulritus

65 2814 226 2892 quaeritur,
251 2811 366 2872 nullum
385 2813 467 2872 alind
485 2812 553 2871 dari
574 2819 689 2891 potest,
710 2832 797 2890 quam
814 2813 982 2877 ordinatim
1002 2789 1098 2887 qrrare

66 2929 310 2988 tremosacerdos
336 2931 380 2996 lit,
400 2931 470 3008 quia
488 2929 629 3008 spiritum
643 2929 747 3001 lubet,
764 2928 819 2986 sed
834 2929 977 3007 spiritum
994 2925 1097 2994 habet,

66 3049 240 3125 quicunque
258 3046 403 3104 sacerdus
421 3053 469 3104 est
478 3042 517 3126 ²).
544 3045 655 3123 Neque
669 3064 725 3122 per
742 3045 913 3102 doctrinam
929 3039 1098 3098 sacerdotia

66 3165 211 3245 cognosci
224 3169 326 3240 potest
338 3163 475 3240 spiritns,
495 3161 549 3238 qni
565 3162 594 3218 ei
610 3161 704 3231 lineat,
727 3157 853 3217 veritas.
882 3153 1002 3231 Singuli
1018 3155 1098 3214 enim

66 3283 248 3343 sacerdotes
270 3278 341 3336 licet
367 3277 508 3354 spiritum
531 3274 683 3345 habeant,
710 3271 857 3332 mortales
878 3277 1019 3344 manent,
1048 3273 1098 3349 qui

138 3481 162 3548 Ι)
181 3484 239 3533 lieu
257 3480 292 3542 (or
311 3481 360 3530 den
378 3478 519 3530 oathalslra
536 3477 633 3543 Kirka)
653 3475 761 3526 udledar
777 3469 841 3526 ikke
855 3474 897 3526 siu
909 3462 1058 3526 Auctoritet
1070 3475 1102 3523 nt

189 3574 229 3625 sn
247 3572 450 3636 utrumnum,
467 3588 527 3623 men
548 3570 588 3621 sn
607 3566 800 3632 caudunum
816 3569 850 3620 tr
864 3568 905 3620 sn
924 3554 1080 3620 suanum.

268 3667 316 3716 Dr.
336 3668 371 3719 Il.
390 3666 423 3712 N.
442 3663 557 3715 Clausen
579 3663 668 3715 catut.
687 3676 721 3726 og
738 3663 845 3713 Protest
863 3677 888 3728 p.
908 3661 947 3712 lo.
967 3648 1008 3710 lt.

138 3756 165 3823 ²)
182 3757 280 3818 Quodsi
301 3770 432 3816 rasuram,
451 3757 597 3808 unctionem
616 3759 643 3805 ot
660 3756 767 3822 longam
784 3754 899 3807 laninam
915 3755 1019 3802 tamam
1032 3763 1098 3815 pos-

406 3865 548 3920 A

1119 3816 1160 3920 1
