2664 4308
711 179 763 253 ho

223 389 291 448 viee
316 385 456 464 perlegit,
478 385 682 448 universatem
705 385 854 446 doetrinae
880 395 986 466 typum
1018 389 1170 462 obserat,
1190 413 1255 471 oro

223 503 383 582 adjuvaute
411 503 447 560 ed
476 503 659 581 specialiora
680 501 822 579 dogmata
850 501 1006 566 tractanda
1034 515 1186 580 transeut,
1214 513 1256 570 ite

206 631 258 682 -ut
280 622 388 681 relatio
410 621 492 680 inter
515 618 773 680 universalitatem
797 626 829 677 et
855 630 1009 682 momenta
1035 625 1180 700 specialia
1205 645 1254 684 re-

225 740 347 816 ciproca
369 737 526 798 observari
548 737 655 814 possit.
704 741 808 813 ¹Atque
830 735 897 794 hmo
915 755 986 798 vers
1008 739 1173 817 theologiae
1195 750 1256 800 tra-

224 855 342 916 ctandae
366 851 528 912 methodus
551 871 622 912 esse
643 849 776 923 videtur,
804 871 872 912 euru
896 855 995 914 omnia
1013 857 1079 914 veri
1103 866 1257 918 momente

224 979 406 1044 conservet3
431 988 561 1046 namque
579 969 767 1028 momentum
780 969 943 1046 positivum
963 980 1053 1048 atque
1070 973 1257 1050 ohjeetivurn

224 1098 379 1150 servatum
404 1093 468 1157 est,
500 1086 611 1162 quippe
635 1105 703 1146 enm
736 1105 794 1144 une
818 1087 859 1144 sit
879 1086 966 1160 idea,
997 1107 1063 1165 qvae
1092 1091 1256 1150 eeclesiam

225 1211 384 1286 penetret,
408 1221 499 1262 uirum
523 1201 581 1279 piae
601 1202 713 1260 meotis
735 1200 941 1275 desiderium,
963 1223 1021 1266 une
1044 1205 1179 1285 denique
1200 1227 1256 1286 per

225 1341 333 1386 omnes
354 1317 529 1380 secutorum
552 1317 778 1378 vicissitudines
795 1319 963 1398 seriptura3
984 1321 1039 1380 sed
1061 1323 1092 1382 io
1106 1322 1164 1382 hae
1188 1327 1256 1384 uoi-

225 1447 289 1500 tate
315 1439 388 1498 fidei
416 1435 541 1494 tibertus
571 1451 691 1512 qvoque
723 1435 912 1512 singulorum
943 1439 1056 1498 munita
1088 1447 1152 1509 estr
1188 1457 1255 1500 uam

226 1559 306 1618 intra
325 1555 474 1614 terminos
498 1551 684 1610 universales
706 1567 761 1608 sne
784 1553 912 1628 quisque
941 1555 1062 1614 ratione
1083 1555 1255 1616 doetrioem

225 1671 390 1734 efformare
411 1676 524 1747 potest,
546 1674 577 1726 et
590 1685 656 1744 qvae
680 1666 739 1744 ipsi
761 1669 890 1726 maxime
902 1668 1068 1742 arrideant,
1088 1669 1255 1750 eligere1).

310 1783 572 1863 Quemadmodum
593 1801 667 1842 vero
692 1802 711 1842 a
731 1779 846 1842 duobus
866 1785 1003 1863 partibus
1023 1792 1087 1848 tota
1102 1789 1256 1866 seriptum

226 1912 390 1974 tractetur,
416 1903 459 1962 ita
481 1903 574 1960 etiem
596 1899 724 1958 historia
748 1917 844 1960 saera.
895 1900 929 1960 Si
955 1902 1115 1964 historiam
1137 1923 1256 1964 suoram

225 2028 342 2103 aparte
364 2017 516 2088 rationaii,
537 2023 570 2074 ut
591 2015 752 2088 itadioam,
772 2017 962 2099 consideras,
984 2019 1011 2076 si
1031 2019 1131 2096 ipsum
1150 2039 1255 2080 rernm

226 2146 414 2202 narratarum
434 2143 574 2194 eventum
592 2133 742 2210 euqvirisx
766 2133 857 2212 hujus
876 2133 982 2192 eedem
1006 2136 1083 2194 ratio
1097 2143 1144 2196 est
1161 2143 1255 2214 atque

224 2258 364 2318 historiae
385 2251 541 2331 proiauae3
572 2252 620 2310 sio
643 2267 716 2309 vero
738 2269 754 2308 e
776 2257 862 2328 parte
889 2249 1031 2328 religiosa
1058 2271 1124 2312 eam
1148 2271 1256 2330 aggre-

215 2366 327 2441 deris,
352 2369 454 2427 eiuuet
478 2368 655 2441 praestautia
678 2355 940 2444 ejos'singuieris.
985 2366 1074 2428 Lioet
1100 2370 1180 2428 euim
1206 2368 1255 2428 hi·

225 2488 322 2550 storia
345 2502 405 2544 non
428 2482 718 2562 comprehendetur,
741 2483 809 2542 fieri
832 2490 1014 2542 tamennon
1038 2492 1155 2562 potest,
1185 2487 1255 2563 quio

226 2603 344 2682 qvando
371 2601 510 2678 exemplo
537 2600 605 2679 ejus
636 2599 887 2678 praestantissima
920 2599 1008 2658 uobis
1036 2608 1255 2680 proponentur,

232 2753 600 2774 mnu—annun·—

347 2853 423 2904 deres
441 2851 530 2903 hdiere
548 2851 742 2903 Besketienhed
762 2867 796 2914 og
812 2851 975 2916 Ourindelee,
993 2854 1101 2905 hesdras
1119 2855 1168 2907 deu
1185 2854 1194 2904 i
1213 2855 1257 2904 det

345 2945 460 2996 Miudste
478 2943 650 2996 umiddelhert
665 2942 816 3005 ligesealidt
835 2948 868 2996 et’
880 2947 910 2996 de
919 2946 1007 3012 Tvivi,
1025 2963 1083 2998 som
1101 2948 1149 2998 den
1160 2947 1255 3000 videu-

348 3036 485 3100 skahelige
511 3036 599 3087 Critik
630 3038 770 3088 fremttrer
795 3041 853 3090 mod
879 3040 920 3089 det
942 3043 975 3090 N.
996 3043 1058 3092 'l'sts
1084 3040 1195 3104 AEgthed
1223 3055 1257 3102 og

344 3131 488 3198 Integritet,
506 3145 564 3181 som
582 3131 641 3196 den,
661 3131 706 3180 der
724 3146 753 3181 er
771 3131 937 3195 hensjuuken
952 3132 960 3182 i
974 3133 1034 3196 glad
1054 3133 1203 3184 Beskuelse
1221 3147 1255 3194 og

345 3223 463 3290 Nydelse
477 3227 542 3274 atet
551 3225 725 3290 Kuostvaerk‚
743 3225 816 3274 leder
834 3224 875 3289 sig
889 3227 1021 3292 forstyrre
1034 3227 1084 3277 ved
1097 3227 1127 3276 de
1138 3224 1254 3284 Grande,

343 3315 469 3366 hvormed
488 3317 724 3367 Kuostkritikeren
748 3317 877 3369 bestrider
902 3319 960 3369 dete
978 3317 1116 3382 Aneeelse,
1144 3331 1201 3368 som
1228 3321 1255 3364 et

345 3407 429 3458 erk
448 3409 480 3458 et·
495 3408 575 3458 denne
593 3408 658 3458 eller
675 3409 730 3460 hiio
748 3409 862 3462 herdmte
881 3414 992 3462 Mester.
1032 3414 1080 3461 Dr.
1098 3407 1254 3472 Scherling:

346 3498 450 3564 (Theoi.
470 3497 616 3552 'ridsskritt
632 3502 693 3565 udg.
713 3506 746 3554 ot
760 3505 810 3556 Dr.
831 3503 973 3568 loherliog
990 3519 1024 3567 og
1035 3506 1084 3555 Dr.
1103 3501 1258 3565 Eugelsioit

343 3590 391 3642 4de
408 3594 489 3648 Biuds
510 3595 566 3648 lste
584 3598 662 3648 Hoste
680 3611 705 3660 p.
727 3594 782 3663 16).

302 3681 329 3750 ¹)
347 3684 449 3736 Nemini
467 3691 549 3739 totum
567 3692 608 3739 est
625 3686 818 3750 moeremium,
836 3685 918 3741 alium
935 3685 990 3738 elin
1008 3701 1072 3750 pers
1090 3687 1123 3739 ed
1141 3685 1253 3736 satutem

344 3776 421 3829 ducit.
462 3777 571 3840 semu
