2460 4178
583 152 633 221 55

96 375 173 430 maa,
193 376 263 435 quea
283 358 365 417 inter
392 357 630 435 Episcopallotaa
661 366 693 418 et
721 360 900 423 Corieliotaa
927 361 1126 440 geruntur¹).

96 474 375 552 Episcopatismum
396 480 498 535 antem
518 474 764 538 mediocritatem
786 479 968 540 catholicam
990 477 1124 538 ellicere

95 592 172 651 satio
193 596 322 651 constet.

180 709 224 768 Ut
241 708 334 785 igitur
355 705 581 784 magnificentia
605 708 747 768 ecolesioe
769 709 930 770 catholicoe
951 715 992 773 itu
1008 719 1131 792 quoqne

96 823 304 885 contradictio
332 823 399 901 ejus
426 824 456 882 in
486 842 617 896 persona
643 842 730 902 popae
757 825 919 886 marriieata
944 835 1002 889 est.
1050 830 1132 909 l’apa

95 941 180 999 enim
203 940 239 997 ab
263 939 359 998 altera
384 947 471 1016 parte
498 939 592 998 homo
622 948 669 999 est
695 946 727 1000 et
749 949 877 1019 peccato
900 943 1066 1016 obnoxius,
1094 947 1132 1005 alt

95 1056 195 1115 altera
216 1075 288 1114 vero
309 1064 397 1133 porte
422 1055 551 1114 nicecius
575 1055 643 1128 net,
664 1057 712 1116 cul
736 1055 898 1133 plenitudo
919 1059 988 1117 ritae
1005 1061 1132 1138 spiritua

97 1173 268 1244 irritabitet3
291 1171 412 1249 querulo
437 1182 537 1231 autem
562 1179 595 1232 ut
618 1193 691 1251 papa
715 1191 752 1232 ex
774 1174 884 1252 spiritu
902 1181 1009 1234 soncto
1027 1177 1133 1254 loqua-

101 1300 165 1373 tnr,
184 1289 305 1366 qnando
327 1308 436 1348 rursus
460 1307 496 1348 ex
515 1308 570 1347 ruo
596 1273 725 1348 arbitrio
748 1296 828 1368 ngat,
850 1291 918 1368 qnis
941 1292 1104 1368 exploret?

184 1405 321 1464 Corrcilia
338 1405 430 1477 enim,
452 1423 521 1482 quoe
537 1406 721 1463 totalitatem
742 1408 812 1466 vitae
830 1407 1000 1484 spiritualia
1018 1407 1132 1466 habere

97 1521 289 1592 credideris,
311 1521 484 1581 auctoritati
508 1539 595 1598 papae
618 1520 756 1598 subjecta
784 1529 873 1593 su11t3
899 1530 992 1600 atque
1015 1523 1057 1583 ito
1079 1526 1133 1582 ob-

92 1642 213 1720 jectiva
235 1638 444 1698 Cotlrolicismi
471 1637 557 1708 iden,
585 1655 654 1696 cum
682 1635 854 1716 fastigium,
886 1648 919 1697 ut
952 1640 994 1698 itu
1023 1639 1132 1710 dicem,

100 1756 321 1836 objectioitntis
342 1761 430 1814 nacto
452 1754 505 1826 sit,
524 1754 553 1811 in
573 1753 763 1812 arbitrariam
781 1753 1049 1833 subjectinitotem,
1064 1774 1133 1834 qnoe

99 1872 269 1935 irrlellibilis
290 1873 346 1942 sit,
372 1872 452 1949 quod
479 1869 670 1929 infallibilem
699 1889 733 1928 se
762 1871 928 1948 praedicet,
959 1874 1134 1942 evanuisse,

99 1992 232 2053 acientla
261 1989 482 2066 protestontica
510 1984 622 2045 dudum
652 1984 840 2062 ostendit2).
896 1989 999 2064 Quiete
1025 2007 1133 2048 omnes

99 2108 312 2191 institutiones
333 2103 518 2189 eutholicae,
543 2123 612 2182 qum
636 2104 761 2183 quidem
782 2105 827 2161 aio
848 2111 1033 2182 comparatur
1054 2112 1135 2176 sunt,

101 2235 136 2286 ut
167 2224 287 2303 possint
319 2239 386 2278 esse
411 2221 537 2297 spiritus
561 2221 659 2279 sarrcti
689 2219 813 2288 lormae,
845 2229 971 2297 possunt
1001 2239 1134 2299 quoqne,

100 2363 171 2404 cum
190 2339 382 2399 extrinsecus
401 2343 572 2413 captentur,
589 2335 743 2394 abstracto
763 2335 853 2394 morlo
871 2354 927 2414 per
941 2353 976 2394 se
993 2336 1133 2410 retineri,

187 2455 294 2517 Menas
320 2453 414 2530 igitur
445 2451 559 2511 formes
579 2451 709 2512 ecclesio
725 2471 814 2530 saepe
837 2453 942 2522 ollert,
970 2459 1002 2512 et
1029 2455 1133 2531 opinio
1160 2438 1164 2445 ⁸

102 2576 179 2636 falsa
199 2575 230 2632 in
254 2591 291 2630 eo
315 2576 447 2640 constat,
468 2574 568 2645 utqui
591 2567 839 2641 lormashabeat‚
857 2569 998 2646 spiritum
1012 2587 1134 2648 quoque

173 2742 196 2808 ¹)
215 2743 264 2794 cie.
283 2741 413 2791 Glousen:
432 2739 536 2790 cathol.
556 2754 590 2803 og
607 2741 722 2790 Protesi.
759 2741 811 2790 Det
829 2739 1011 2794 euriclistiske
1029 2747 1135 2811 system

222 2853 247 2901 p.
268 2831 376 2884 lat-26.
413 2835 465 2884 Det
482 2833 632 2899 episcopale
650 2832 836 2900 Kirkosystem
855 2832 969 2884 ‹tu-52.

174 2928 199 2992 ²)
218 2929 335 2980 Glouseu
352 2926 370 2975 l.
386 2925 405 2977 l.
425 2942 450 2990 p.
469 2925 511 2976 58.

235 3005 241 3020 ’
303 3016 479 3068 Coriolismen
499 3018 599 3067 donner
615 3015 624 3066 i
641 3016 743 3067 Kirken
755 3020 781 3067 et
792 3016 954 3068 theocrotisk
967 3018 1132 3082 Monarchie,

223 3128 272 3162 cao
290 3111 497 3176 niudskraenket,
516 3115 544 3160 ot
564 3111 606 3159 dot
622 3107 630 3157 i
648 3107 854 3170 Virkeliglrerlon
873 3123 934 3158 mco
946 3123 1013 3171 guae
1031 3124 1095 3160 over
1108 3108 1137 3160 til

223 3201 366 3268 Despotie,
388 3200 427 3250 tiri
454 3202 496 3250 det
521 3199 681 3263 oekjomper
705 3197 769 3248 ikke
788 3198 863 3249 olene
881 3199 947 3266 yrlre
965 3199 1081 3250 Forhold
1103 3216 1137 3264 og

223 3293 416 3358 Foebindelsor‚
433 3307 490 3343 men
511 3307 595 3356 ogsoo
606 3291 709 3342 ethvert
726 3292 814 3341 enkelt
826 3292 986 3341 Menneskea
998 3291 1135 3356 condolige

223 3386 421 3451 Persontigneu
439 3386 537 3438 enhver
554 3384 662 3448 Yttring
681 3385 714 3435 oi
735 3382 905 3446 selvstrondig
931 3382 1076 3446 Tunkning
1103 3398 1137 3446 og

224 3481 319 3544 Villie;
338 3494 372 3542 og
390 3479 419 3528 til
436 3479 577 3541 GJeugjelrl
594 3478 714 3541 frangor
728 3477 828 3529 Kirkon
847 3475 903 3526 sine
922 3475 1029 3525 i'lroeu
1048 3473 1137 3540 lydige

226 3576 342 3637 Borgere
361 3572 399 3622 olt
416 3568 619 3632 Somvittiglterls
637 3573 761 3634 Ausum,
787 3583 821 3632 og
837 3567 966 3630 skjenker
984 3567 1040 3630 dem
1059 3567 1136 3615 ul'or-

226 3669 327 3731 ntyrrct
343 3663 466 3731 Tryglred
484 3678 517 3728 og
535 3665 593 3721 lint
624 3678 680 3714 men
693 3664 734 3714 tet
753 3678 781 3713 er
792 3663 897 3714 Dolens
916 3661 956 3710 Ro
972 3673 1024 3724 pon
1045 3657 1135 3719 slogne

226 3755 351 3807 Fienders
370 3757 451 3806 Grov.

452 3924 538 3933 uas-...-
