2460 4178
532 125 604 197 121

47 337 179 401 rituale·
202 334 450 395 ·i’irasuornenon
479 332 580 403 euim,
612 331 810 392 revelationis
834 348 996 413 organon,
1027 352 1086 394 nee

48 455 178 534 agnosci
206 458 347 532 poteret,
381 449 439 509 uisi
468 447 551 509 idem
580 447 740 525 religionis
771 448 971 526 principium,
1001 451 1085 530 quod

49 573 256 653 pinnam
271 569 363 639 inest,
381 564 605 644 spectatoribus
624 583 748 643 qnoque
760 566 887 626 inesset.
932 567 1087 648 Utrinque

49 691 149 768 igitur
169 687 200 747 in
222 701 408 762 unoquoque
426 688 601 760 spectatore
618 680 798 742 efformatur
818 684 978 760 religionis
999 684 1088 757 idest

50 807 91 867 ab
108 806 206 864 alters
228 802 310 861 enim
332 806 420 878 parte
443 797 671 876 phrenomenon
698 797 887 859 individuale
911 801 1021 878 aspicit
1041 804 1088 864 ei-

51 940 116 1000 que
136 919 294 990 adureret,
319 916 357 977 ab
385 915 481 973 aiters
506 931 579 973 vero
603 916 765 975 essentiam
786 914 980 994 phenomeui
1004 935 1089 995 quor-

52 1040 97 1097 rit
113 1035 239 1113 sibique
259 1035 500 1110 interpretatum
534 1038 625 1108 neget
653 1031 747 1109 igitur
770 1030 994 1110 piroenomenon
1017 1054 1088 1114 prr-

51 1151 185 1213 tioniare
214 1158 247 1209 et
274 1146 480 1218 occidentale,
509 1158 543 1206 ut
569 1145 651 1224 quod
682 1149 713 1207 in
743 1166 782 1206 eo
806 1150 889 1210 inest
916 1151 1088 1213 universale

52 1279 148 1347 etqua
169 1266 334 1327 essentiale
357 1266 388 1324 in
411 1283 536 1323 suorum
559 1271 591 1324 et
612 1268 789 1344 sangninem
813 1274 982 1327 convertet.

142 1384 243 1463 Atque
267 1381 320 1441 hio
340 1381 437 1441 vaiet:
468 1385 573 1462 quatis
596 1385 683 1446 Dens
707 1387 741 1445 in
768 1387 979 1467 piroenonreno
1010 1391 1088 1450 tolio

56 1508 91 1565 in
121 1506 239 1565 animo.
296 1499 394 1574 Quem
427 1496 464 1555 ad
494 1498 620 1559 morium
648 1501 741 1578 igitur
776 1501 859 1561 nutis
886 1501 997 1578 religio
1032 1521 1089 1562 uer

56 1619 210 1700 apparitio
226 1616 281 1677 Dei
300 1616 481 1692 contingere
499 1623 603 1693 potest
621 1617 678 1675 nisi
700 1635 757 1695 per
777 1617 1002 1695 piraeuomenou
1018 1636 1089 1677 aeu-

56 1736 159 1807 susie,
186 1736 225 1795 its
248 1730 363 1792 nntium
385 1729 608 1808 piiaenomenon
630 1734 728 1793 ideam
752 1732 884 1791 divinam
907 1733 1090 1811 simpiioiter

58 1853 214 1932 exprimit.
257 1847 359 1924 Quare
378 1846 429 1906 irio
450 1851 531 1909 rotet
552 1851 706 1924 mediatio,
735 1855 779 1922 nt,
801 1850 1004 1928 phaenomena
1025 1867 1090 1910 em·

60 1970 159 2059 pirico
178 1973 301 2044 uegeto,
324 1968 353 2026 ri
376 1967 471 2044 ipsius
493 1968 571 2026 itieae
595 1975 787 2030 restauretur
805 1968 887 2028 atiud
910 1967 1090 2044 etquidem

58 2084 248 2165 perstatim,
277 2084 358 2161 quod
381 2084 523 2162 religioni
543 2087 653 2147 uroiins
675 2086 849 2146 satisfaciat.
893 2082 968 2141 liam
989 2094 1092 2143 autera

61 2202 255 2280 negotionem
280 2210 312 2261 et
336 2204 587 2263 restaurationem
610 2202 757 2262 instinctu
783 2199 913 2279 quoium
935 2200 1092 2266 immedio-

61 2327 97 2381 to.
121 2318 311 2379 couscientia
336 2321 384 2378 sui
414 2319 546 2377 immane
575 2319 720 2396 snsoipit3
750 2334 844 2395 quere
876 2314 956 2393 qnod
982 2314 1091 2387 effluit,

61 2442 97 2494 ut
116 2436 147 2493 in
160 2434 240 2493 idem
261 2435 453 2495 commodum
473 2441 640 2494 exornetur
660 2434 896 2513 pitaenomenon‚
919 2432 993 2493 fauit
1008 2433 1092 2492 idem

62 2559 98 2611 ut
115 2569 189 2611 rere
212 2550 394 2630 objectionis
415 2559 509 2629 utque
532 2553 617 2610 reate
637 2570 706 2610 esse
727 2548 883 2612 ereditur.

145 2668 227 2729 Hino
241 2670 381 2727 oriuntur
393 2669 494 2728 omnis
508 2686 578 2745 qnae
591 2668 621 2726 in
634 2667 762 2726 historia
777 2684 865 2726 sacro
879 2665 918 2724 de
928 2665 1094 2743 apparitio·

62 2786 154 2847 niirns
163 2785 218 2845 Dei
230 2783 331 2862 deque
344 2785 500 2846 miraculis
511 2781 689 2855 tratinntnr3
705 2792 797 2862 atque
806 2783 850 2861 ita
861 2785 964 2843 elnoet
974 2783 1095 2845 dissen-

61 2901 542 2982 ans.etcoasenana1’antogtsmi
561 2911 592 2961 et
599 2900 774 2961 Critioismi.
801 2900 941 2979 Uterque
954 2900 1034 2959 enim
1049 2899 1097 2960 ef-

64 3017 282 3077 formationem
294 3026 410 3080 naturae
426 3020 653 3099 pragmaticam,
676 3024 745 3097 qnae
767 3019 814 3079 rix
835 3037 871 3077 ao
892 3036 931 3075 ne
954 3017 1002 3074 rix
1027 3017 1095 3092 qni-

64 3133 137 3193 rieus
153 3133 216 3193 niio
230 3134 392 3212 potestatis
407 3135 527 3199 sitinris
547 3136 721 3197 interventu
741 3134 874 3211 dirumpi
894 3132 1002 3211 possit,
1025 3132 1097 3191 stri·

64 3250 200 3311 ctissime
212 3247 344 3331 orgen),
359 3250 675 3335 ntsrnnrnrirnuninn
686 3248 954 3315 intinbinrnrooat.
979 3247 1097 3324 Quaerit

139 3459 165 3530 ¹)
186 3462 265 3512 ”¹²⁸⁰
292 3460 498 3525 U⁰¹³⁰i⁸⁰¹ilttttti
521 3456 556 3521 isi
581 3476 611 3517 un
636 3462 698 3519 sein·
726 3466 916 3528 iinwnnrtseyn
940 3460 985 3510 der
1010 3472 1093 3509 neuen

187 3553 266 3606 W⁰¹i
277 3547 425 3615 semidii,
445 3550 507 3606 tinnit
523 3549 557 3609 itit
571 3550 723 3611 ntrtrttutnn
738 3555 823 3609 irrisu
840 3554 879 3606 die
891 3551 1017 3615 Meinung
1034 3550 1096 3600 oder

189 3646 377 3712 remmon,
405 3640 464 3699 sins
484 3643 702 3704 ntrnanunnns
727 3647 864 3710 tirasone,
891 3644 947 3696 eino
972 3640 1096 3708 gottlioho

190 3730 399 3796 wnmukeit,
418 3735 624 3807 isisirflrrtwo
645 3737 996 3805 nnnittottsrsirrecriffou‚
1013 3746 1094 3802 goro-
1166 3820 1169 3825 Ι
