2640 4306
678 143 727 212 34

196 354 395 418 Plutarchum
418 345 501 412 diem
518 350 632 410 festum
652 349 713 410 diei
733 349 877 424 sequenti
891 347 1092 424 respondisse
1115 347 1228 410 tradit:

196 472 315 548 Αληθῆ
339 466 440 547 λέγεις·
469 462 534 528 dtt‘
560 464 618 543 ἶμέι
638 461 682 545 μὴ
703 460 863 543 γενομένης
887 456 925 524 ori
945 458 983 525 siu
1002 458 1041 523 de
1062 452 1160 543 ἦσθα.

672 659 744 740 §a

282 810 417 872 Scientia
436 828 508 868 roro
538 829 607 868 cum
638 812 805 872 absolutam
830 811 1026 889 cogitationis
1055 815 1087 866 et
1115 806 1231 886 objecti

198 931 325 1010 cogitati
349 929 580 1007 congruentiam
601 927 729 998 efficiet,
751 947 875 1005 semper
898 945 935 988 eo
953 926 1064 1004 tendit,
1083 931 1118 984 ut
1135 923 1229 986 effer·-

87 1033 93 1040 ⁶
199 1057 301 1114 metuo
323 1066 359 1108 ea
380 1064 436 1124 per
461 1063 567 1104 omines
586 1045 701 1123 objecti
720 1044 840 1122 species
860 1051 951 1120 atque
974 1041 1231 1102 modificationes.

200 1169 304 1244 Quare
322 1165 348 1226 si
370 1161 557 1222 conscientia
579 1160 626 1220 sui
649 1161 706 1220 nisi
738 1179 793 1238 per
821 1158 904 1218 aliud
933 1165 966 1216 et
993 1157 1117 1236 quidem
1145 1157 1232 1218 recle

200 1301 272 1344 esse
299 1300 358 1342 oon
377 1286 489 1357 potest,
507 1279 654 1355 queritur
675 1283 709 1336 ut
732 1276 790 1336 hoc
809 1275 970 1354 positivum
989 1292 1046 1352 per
1076 1275 1231 1352 irtgcntcm

202 1399 427 1460 elementorum
450 1395 649 1471 positivorum
671 1393 896 1452 multitudinem
921 1409 956 1448 ae
979 1408 1137 1461 exserens,
1158 1407 1232 1449 con-

201 1516 339 1578 scientiae
360 1514 408 1574 sul
431 1511 513 1570 omni
535 1509 627 1570 modo
649 1509 885 1580 reconcilietur,
908 1509 998 1584 eique
1024 1505 1145 1566 infinite
1167 1523 1232 1566 res·

201 1630 346 1711 pendeat.
395 1627 516 1690 Pendet
545 1628 644 1688 omnis
665 1626 792 1686 scientia
821 1625 858 1686 ab
886 1624 944 1686 iaec
971 1621 1234 1694 reconciliatione,

202 1747 412 1812 reconciliatio
441 1751 545 1804 autem
574 1764 591 1804 a
614 1744 804 1806 methodo
832 1744 1081 1818 scientifico
1109 1738 1233 1816 pendet.

202 1864 250 1924 Ee
269 1860 488 1932 contradictio,
502 1859 582 1918 unde
595 1859 760 1920 methodus
773 1877 844 1919 vere
858 1859 979 1920 initium
997 1857 1096 1934 capiat
1108 1873 1235 1916 necesse
1314 1927 1315 1932 η

204 1985 262 2052 cst,
284 1979 314 2040 ic
339 1995 377 2036 eo
400 1977 551 2049 cernitur,
579 1976 660 2055 quod
684 1995 753 2036 cum
774 1975 903 2034 scientie
926 1974 1064 2034 formeiis
1082 1980 1115 2032 ct
1136 1972 1236 2050 pleui·
1314 2025 1315 2028 ,

204 2093 279 2154 tudo
316 2094 488 2152 existentiae
517 2094 609 2152 realis
642 2113 677 2152 se
704 2095 835 2152 invicem
866 2093 1031 2153 excludere
1061 2089 1236 2185 videantur,

203 2211 235 2270 in
259 2215 375 2288 puncto
396 2216 497 2270 tamen
523 2211 562 2272 τὲ
585 2228 670 2282 esse,
694 2209 774 2287 quod
791 2209 854 2287 jam
882 2209 1096 2276 indicavimus,
1124 2223 1236 2266 conve-

204 2327 300 2388 niunt.
343 2327 445 2402 Atque
467 2344 504 2384 eo
522 2325 694 2386 identitatis
717 2333 830 2405 puncto
855 2325 1095 2386 totadiversitas
1118 2323 1236 2382 omnis-

130 2491 133 2506 ,
205 2459 265 2518 que
288 2439 442 2502 discordie
462 2440 598 2502 tollenda
618 2441 688 2505 erit.
730 2443 851 2503 Scimus
864 2443 1039 2520 igiturease
1050 2439 1235 2518 objectirum

204 2579 272 2619 ease
294 2556 498 2635 subjectivum
522 2557 615 2628 dare,
640 2579 708 2620 esse
728 2558 858 2620 formale
885 2577 923 2616 ex
950 2579 1019 2620 esee
1044 2557 1138 2627 reali,
1166 2576 1237 2620 esse

205 2673 400 2752 cogitationis
421 2681 535 2734 nostrae
557 2692 594 2733 ex
616 2648 685 2736 ease
709 2675 889 2736 substantioe
909 2675 1059 2754 originem
1077 2673 1205 2735 hebere.
1312 2715 1313 2732 1

287 2788 413 2849 Sublata
435 2797 537 2850 autem
558 2789 614 2850 hac
633 2792 780 2850 momenti
801 2790 938 2852 formalis
963 2799 995 2850 et
1019 2790 1113 2853 realis
1134 2789 1238 2848 direr-

205 2910 295 2969 sitete
316 2925 392 2968 nova
415 2908 513 2966 oritur
536 2905 751 2985 discrepantia.
795 2908 839 2968 Ut
860 2909 942 2968 enim
969 2908 1158 2968 conscientie
1189 2909 1239 2966 sci

204 3025 337 3086 realitati
360 3024 520 3103 objectivae
543 3022 721 3102 plenissime
742 3026 920 3096 conveniat,
950 3023 1238 3086 accommodatione
1311 3049 1312 3108 p

204 3141 350 3214 adhibita,
373 3139 519 3213 declarat,
540 3158 574 3200 sc
587 3139 663 3198 nillil
674 3139 754 3200 alind
768 3161 856 3218 quem
872 3161 959 3206 eece
976 3141 1238 3219 simplicissimum

205 3255 352 3334 appellari
377 3256 504 3328 debere,
537 3275 606 3314 cum
637 3264 737 3315 tamen
767 3258 862 3316 multo
900 3258 1172 3334 plura,momentc
1207 3258 1237 3318 in

206 3373 409 3450 sinngestet;
440 3372 546 3432 carlom
568 3390 641 3438 vero
670 3364 896 3448 συγκατάβασις
924 3393 941 3432 a
969 3384 1057 3450 parte
1085 3373 1240 3450 objectiva

207 3489 383 3563 suscipitur,
394 3507 461 3548 eum
478 3488 639 3548 existentia
654 3489 756 3559 realis,
769 3489 961 3566 plenitudine
974 3489 1091 3550 infinita
1105 3496 1240 3564 turonens,

207 3603 444 3683 omniaquoquc
468 3607 614 3666 attributa
635 3612 750 3683 prester
775 3625 843 3668 esse
863 3607 1025 3685 rejecerit;
1048 3623 1145 3684 quare
1161 3621 1241 3683 quo·

206 3722 386 3802 tiescunqne
411 3696 643 3782 inunctionem}
670 3740 738 3779 esse
761 3724 960 3799 acquiescere
983 3723 1141 3794 volumus,
1165 3739 1241 3782 con·
