2460 4178
107 295 297 375 singulisque
316 290 483 352 rationibus
506 291 625 350 munire
647 299 808 364 conantur,
832 298 866 351 ut
884 291 929 352 ite
954 291 1145 360 seinvicem

107 409 295 490 corrigendo
323 408 442 487 pienum
470 406 628 466 obtineant
655 408 827 471 ceritatem.
876 405 993 469 Verum
1021 415 1059 470 ui
1089 409 1145 469 hac

108 527 155 589 oia
176 543 284 587 omues
307 500 508 584 difficultates
544 528 779 597 removeantur,
801 525 972 603 quaeritur,
1009 526 1144 604 primu·

108 650 143 704 ut
166 659 235 722 qooe
256 640 288 701 in
302 641 544 720 uniuscujusque
557 641 657 699 auimo
670 659 795 720 semper
813 641 907 715 inest,
926 660 997 720 para
1014 643 1144 721 mystica

109 765 203 837 eique
225 762 376 818 nocturna
399 758 428 815 in
448 757 560 815 ciarum
583 758 782 818 conscientiae
805 759 904 818 iucem
919 757 1064 838 prodest,
1085 775 1144 836 nuo

108 878 249 957 periecta
276 875 395 936 ercuiat
411 873 645 952 subjectiviiatis
662 873 849 953 descriptioe
870 875 952 954 quod
974 882 1048 935 unte
1070 892 1144 934 cou-

107 996 341 1055 summationem
373 989 464 1068 hojus
492 989 598 1048 muudi
622 990 694 1050 fleri
719 991 769 1050 vix
794 991 924 1068 poterit3
955 989 1089 1064 deiude,
1110 997 1145 1051 ut

107 1112 247 1171 ueritatis
259 1107 438 1186 subjectivae
454 1105 622 1165 declaratio
636 1125 695 1166 non
708 1106 912 1167 confessionis
928 1108 1027 1167 instar
1036 1106 1143 1178 detur,

108 1226 163 1286 sed
193 1225 229 1285 ad
259 1225 473 1284 necessitatem
502 1241 585 1281 verse
613 1222 753 1282 methodi
785 1231 968 1296 revocetur,
997 1222 1082 1302 quod
1107 1222 1144 1285 ab

107 1343 232 1420 iugenio
256 1341 338 1400 iliius
362 1339 419 1399 oevi
442 1337 573 1397 aiienum
596 1346 672 1398 crat.

196 1457 308 1536 diuque
331 1457 362 1516 in
384 1456 446 1516 iilis
466 1437 735 1534 praedicationibus
764 1461 855 1534 atque
885 1454 1144 1535 disputationibus

109 1593 170 1637 uon
197 1581 258 1635 tam
287 1575 443 1634 notionum
475 1571 699 1650 perspicuitas,
728 1591 817 1650 quam
845 1573 1009 1651 spirituum
1040 1572 1144 1650 potius

109 1691 300 1753 familiaritas
322 1691 470 1770 agebatur
484 1685 523 1764 ¹).
569 1687 669 1764 Atque
691 1706 726 1748 eu
756 1691 924 1749 animorum
950 1686 1144 1749 famiiiariias

108 1807 206 1867 valida
228 1806 370 1865 doctoris
396 1805 478 1864 iiiius
502 1823 578 1864 voce
601 1806 733 1865 excitate
753 1807 914 1866 ecclesium
933 1803 1143 1865 confessionis

109 1929 223 1983 uostrae
245 1920 400 1995 condidit3
421 1927 564 1999 tantaque
582 1922 743 1983 celeritate
768 1922 820 1983 iiis
838 1941 889 1982 res
905 1921 1072 1993 successit,
1098 1926 1143 1994 ut,

109 2057 212 2100 cuma
234 2037 375 2097 Comitiis
393 2035 667 2099 Wormstiensibus
691 2035 848 2098 botherus
872 2037 1077 2117 subjectione,
1108 2044 1144 2096 ut

109 2157 152 2216 iia
173 2154 290 2227 dicam,
319 2153 510 2212 anathemate
538 2153 646 2233 pieros
675 2155 791 2224 obiret,
826 2162 897 2232 post
931 2156 1030 2214 miuus
1051 2172 1143 2233 quum

110 2273 219 2332 decem
249 2289 344 2331 annos
374 2269 529 2330 Lutherus
557 2271 728 2349 objections
750 2271 780 2331 in
809 2270 941 2333 Comitia
967 2269 1144 2350 Augurinus

111 2387 345 2446 emendatorum
363 2403 518 2444 sacrorum
541 2385 807 2447 benedictionibus
824 2389 1041 2448 corroboretur
1057 2386 1142 2448 redi-

110 2509 171 2566 ret.
216 2501 478 2578 Quemadmodum
502 2502 596 2582 igitur
618 2503 776 2564 Lutherus
795 2506 864 2583 ipse
883 2504 957 2564 iicet
979 2500 1054 2562 fidei
1076 2480 1150 2562 suas*

109 2619 323 2680 tenacissimus
345 2616 382 2676 ad
398 2617 580 2695 objectivum
600 2617 696 2680 Verbi
718 2620 773 2680 Dei
793 2619 1000 2680 testimouium
1015 2637 1143 2698 semper

110 2733 297 2814 provocavit,
319 2732 362 2791 ito
381 2713 543 2791 Confessio
563 2752 686 2814 quoque
703 2735 879 2816 dogustans
893 2708 1141 2813 conscriptus-ce

109 2851 213 2912 Sacros
234 2848 413 2927 dignitatem
435 2848 494 2908 sibi
514 2858 648 2929 arrogat,
670 2852 725 2914 sed
746 2870 867 2914 omnem
888 2871 924 2913 ex
951 2875 988 2917 eu
1005 2853 1141 2916 auctori·

110 2976 203 3029 tatem
225 2961 383 3043 derivat²)

102 3123 466 3138 m

184 3211 212 3281 ¹)
234 3216 323 3275 Qusrc
344 3230 401 3265 rum
426 3214 453 3265 in
478 3212 606 3281 colloquio
625 3212 827 3278 Marpurgensi‚
853 3214 992 3280 postquem
1017 3211 1141 3262 omniuo

231 3305 421 3371 metaphysicis
442 3305 500 3355 inde
518 3305 636 3370 corporis
662 3305 833 3372 qualitatibus
858 3320 941 3372 nsque
965 3304 998 3357 ud
1018 3302 1140 3355 minimus

229 3394 366 3459 scripture
401 3395 547 3462 particulos
583 3398 687 3447 frustra
719 3395 853 3463 disputato
887 3403 963 3463 suut,
1003 3395 1140 3447 lantherus

229 3486 360 3550 zwinglio
380 3503 484 3541 monum
501 3488 725 3556 interluorymus
743 3489 888 3556 porrigenti
906 3489 973 3543 suite
990 3487 1067 3541 dixit:
1093 3487 1141 3539 lhr

228 3576 293 3628 hubi
311 3577 385 3631 einen
403 3581 501 3631 endern
518 3579 603 3645 Geist,
621 3581 688 3631 deun
704 3579 762 3633 wir.
961 3634 964 3640 ,
1011 3584 1018 3593 ’

178 3669 206 3739 ²)
225 3667 368 3721 offerimus
386 3670 412 3720 in
431 3672 481 3721 hoe
499 3671 632 3748 religionis
653 3687 739 3725 causo
755 3676 909 3725 nostrorum
925 3670 1140 3731 concionatorum
