2460 4178
543 150 612 219 lll

10 330 21 385 l
64 368 201 421 neotum
227 361 461 439 supranaturate
488 366 623 437 spectat,
654 368 719 421 tum
748 360 941 423 Criticiamos
971 360 1096 439 quidem

64 481 94 539 iu
126 479 305 537 universnm
336 495 397 537 non
428 495 551 556 semper
587 486 678 553 negat
704 479 851 539 miracula
880 478 948 539 fleri
986 494 1097 555 posae;

64 614 133 655 uem
163 595 314 673 principio
348 595 570 655 convenienter
588 613 717 673 regnum
750 594 827 655 illud
861 595 936 655 udei
964 593 1096 655 confinio

62 710 157 789 haina
175 712 276 773 nostrl
297 711 434 790 ottingit;
453 729 524 771 cum
543 719 645 771 autem
668 711 786 771 linitum
815 730 876 772 nou
906 715 1005 791 capiet
1028 712 1103 773 tun..

10 882 17 897 ,
63 830 174 900 nilum,
196 846 297 906 neque
319 827 482 887 inuisibilia
501 827 564 887 ullu
585 828 677 888 modo
697 828 789 888 rebus
806 829 975 889 visibilibus
994 830 1097 889 inesse

63 947 199 1023 possint,
229 965 352 1024 semper
382 947 412 1007 iu
442 945 570 1023 singuiis
603 946 724 1005 casibus
755 945 795 1003 dc
827 945 975 1005 miraculo
1010 945 1094 1004 dubii

62 1063 232 1123 ltaeremua.
286 1062 365 1123 Cum
393 1081 465 1122 reru
491 1063 522 1121 in
552 1081 586 1122 ea
610 1064 737 1136 ratione,
761 1082 820 1142 qus
837 1082 890 1123 res
914 1061 1094 1123 miraculosa

63 1186 188 1239 narrsta
209 1181 261 1257 ait,
285 1182 485 1259 acquiescere
499 1198 557 1238 riou
571 1179 678 1251 licest3
703 1181 903 1259 restringitur
918 1182 959 1241 ita
972 1197 1094 1258 quoquc

62 1302 254 1357 momentum
290 1297 523 1374 supernaturale
554 1296 591 1355 od
628 1298 735 1357 rtescio
766 1297 850 1375 quid.
906 1296 958 1357 Sic
991 1304 1094 1357 autem

62 1413 221 1473 evanescit
242 1430 278 1471 es
299 1433 369 1492 pora
392 1413 531 1473 historie
552 1432 646 1472 sccrce
669 1413 705 1473 eb
727 1415 794 1492 ipsu
822 1416 962 1475 historice
987 1433 1095 1494 regno.

63 1528 143 1604 Qum
165 1536 284 1589 restant
305 1539 458 1591 momenta
484 1530 625 1608 positiva,
648 1530 804 1607 pertinent
828 1529 864 1589 sd
889 1531 1093 1604 involucrum,

63 1645 147 1723 quod
168 1647 289 1723 piorum
314 1646 481 1725 phantasiae
503 1648 645 1706 debetur.
691 1644 768 1705 Cum
783 1648 863 1707 enim
885 1647 954 1706 idea
977 1646 1093 1707 delilic

61 1762 121 1823 Dei
143 1763 253 1829 visibili
275 1763 376 1823 lorma
396 1763 451 1823 lilii
476 1766 608 1825 hominis
633 1765 759 1849 realiter
780 1766 908 1843 exprimi
931 1782 990 1824 trun
1005 1771 1093 1843 pctu-

60 1879 136 1953 crit,
155 1880 187 1939 in
207 1881 259 1958 piu
283 1881 491 1959 apostolurum
512 1881 612 1940 enimn
639 1889 725 1940 ustus
746 1889 795 1940 est
816 1881 870 1940 ille
892 1881 973 1941 filius
996 1881 1061 1941 Dei.

108 2052 111 2057 .
147 1996 224 2072 Qum
246 1998 274 2057 ei
296 2006 384 2057 recte
408 2001 559 2077 dispulsis
581 2005 662 2072 sunt,
684 2000 792 2075 negari
804 1999 851 2058 vix
875 2006 987 2077 potest,
1011 2019 1092 2060 com·

61 2113 250 2192 positionem
269 2114 420 2192 quattdom
443 2117 625 2193 positivismi
649 2125 691 2186 et,
714 2124 748 2174 ut
769 2118 813 2176 its
834 2115 953 2188 dicam,
980 2116 1092 2179 libers·

60 2230 143 2290 lismi
180 2228 260 2309 apud
291 2230 425 2291 criticos
459 2232 644 2310 prevalere,
682 2250 750 2310 quae
785 2232 944 2293 absurdam
975 2234 1093 2295 elliciet

60 2345 320 2408 mediocritatem.
356 2347 513 2408 interdum
526 2348 618 2420 emm,
634 2349 755 2426 quaudo
773 2356 909 2426 systema
931 2351 1092 2427 cogitando

61 2464 286 2542 explorandum
303 2465 429 2526 criticis
451 2467 628 2544 opponitur,
649 2465 686 2523 cd
700 2466 916 2525 auctoritatem
937 2486 1105 2529 sacrarum.

58 2580 237 2642 litterarum
261 2580 453 2660 confugiunt,
477 2592 510 2642 et
532 2582 756 2659 distinguentes
780 2582 862 2640 iuter
884 2583 1010 2643 verbum
1035 2584 1091 2644 Dei

60 2707 94 2758 et
112 2699 241 2758 verbum
257 2697 421 2789 humsuum
434 2701 483 2771 iis,
495 2699 547 2777 qui
568 2697 746 2777 dogmaticus
757 2700 953 2777 speculativae
965 2719 1091 2781 opernm

60 2812 146 2886 daut,
168 2815 338 2895 scripturn!
356 2816 528 2895 scripture!
548 2814 725 2888 acclament,
750 2817 1003 2894 quemadmodum
1030 2821 1090 2881 Ln-

59 2921 155 2991 thero
175 2932 248 2992 olim
264 2933 435 2998 Catholici:
453 2932 576 3014 patres!
598 2933 720 3011 patres!
735 2966 776 2977 -
793 2934 824 2995 V
822 2955 913 2996 erum
934 2946 993 3004 est,
1013 2940 1090 3017 puin

59 3053 229 3131 scriptura
249 3051 339 3112 dicit.

147 3166 267 3226 Rursus
288 3176 401 3243 sutem,
424 3170 545 3248 quando
568 3169 607 3227 de
628 3168 772 3228 libertate
793 3165 1016 3245 disquisitionis
1027 3170 1089 3227 cri-

19 3368 22 3374 Ι
59 3283 255 3363 decerpitur,
278 3295 341 3346 tum
362 3288 464 3348 subito
485 3293 672 3348 evsnescuut
687 3303 794 3345 omues
808 3284 988 3362 positivismi
1002 3305 1088 3347 scru-

61 3398 139 3478 puli,
163 3407 228 3460 tum
251 3405 435 3477 concedunt,
458 3427 517 3468 tion
543 3406 670 3467 multum
695 3406 861 3474 interesse,
882 3408 984 3463 utrum
1008 3408 1088 3467 scri-

62 3523 151 3595 ptura
173 3518 209 3578 ab
223 3523 371 3600 spostolis
392 3542 429 3581 au
448 3523 485 3584 ab
502 3526 570 3586 allis
586 3525 658 3585 viria
680 3525 739 3603 piis
757 3520 862 3582 seculo
876 3521 976 3597 primu
988 3523 1089 3584 tiven-

60 3635 145 3695 tibus
176 3638 290 3717 scripta
319 3642 377 3713 sit,
413 3644 478 3703 tum
516 3644 611 3705 libere
652 3642 841 3718 distinguunt
874 3638 956 3697 inter
991 3641 1087 3718 ipsam

378 3894 383 3905 ¹
404 3894 476 3911 *ι-
