2664 4308
655 197 729 265 roo
1288 208 1301 307 p

178 411 312 472 ecclesio
329 405 468 479 educeti3
490 405 607 464 initium
623 401 658 463 tit
677 405 714 463 att
732 421 769 463 oa
787 405 815 463 vi
837 402 1015 475 universali,
1037 419 1124 480 qrortt
1147 401 1224 460 vita
1310 299 1313 446 l

178 529 350 589 Christiano
362 526 392 584 ln
411 539 654 599 unumquemque
672 527 816 590 exercet3
842 539 893 580 rer
908 526 958 579 est
975 517 1110 595 igituriu
1124 517 1223 577 lacte

178 647 295 726 posita,
317 659 388 701 erte
415 639 556 699 homines
578 657 634 698 ιιιο
657 657 808 716 quemque
833 638 957 714 ingenio
981 635 1213 714 praedttowut
1313 676 1314 726 p

178 761 343 822 decorum
365 755 470 817 indole
493 756 617 814 uberius
640 755 788 834 disputari
808 773 866 814 non
886 754 995 831 possit.
1038 751 1114 810 Cum
1133 768 1215 810 vcro

178 877 286 939 eadem
301 891 408 936 rerum
435 873 513 932 ratio
536 869 705 950 eademque
730 870 863 930 eruditio
884 870 1006 946 ingenia
1027 867 1145 928 diuersa
1162 867 1216 926 di-

177 1013 268 1055 vereo
289 985 522 1064 modoaldum,
542 1007 642 1067 neque
664 989 721 1046 nlsi
745 1003 801 1064 per
823 986 916 1044 iidem
934 985 1134 1066 subjectivum
1145 985 1214 1043 ullo

177 1115 275 1172 valeat
299 1109 456 1168 doctrina:
489 1103 548 1164 non
569 1107 682 1164 ueritas
716 1103 864 1182 objectiva
894 1113 1032 1162 merrtem
1053 1101 1216 1173 anecdot,
1314 1103 1315 1106 ’

178 1227 233 1287 sed
247 1225 402 1302 ingenium
423 1225 636 1303 subjectivum,
657 1221 727 1301 qvid
751 1220 862 1278 bonum
888 1228 919 1278 et
939 1220 1044 1279 verum
1064 1223 1115 1293 sit,
1135 1239 1213 1278 oon-

178 1345 286 1404 stituit.
337 1343 474 1402 Credam
487 1361 536 1411 eo,
557 1359 626 1420 poae
644 1339 723 1398 milti
733 1335 1101 1418 mocimeorrideont¹).
1145 1335 1216 1396 Sed

179 1457 352 1518 eritbertus
378 1464 478 1515 tomen
501 1457 537 1516 od
551 1455 709 1514 servitutis
732 1450 939 1512 conditionem
962 1471 1058 1531 prope
1080 1452 1209 1512 adduci·
1315 1509 1316 1514 ,

179 1584 247 1648 tur3
270 1574 433 1633 cumcuim
454 1581 559 1632 nuturs
581 1571 749 1649 subjective
770 1572 810 1628 ito
835 1577 989 1647 urgeatur,
1011 1582 1044 1629 nt
1059 1572 1090 1630 in
1113 1589 1148 1628 eo
1166 1570 1210 1628 sit

179 1695 365 1776 elementum
387 1705 514 1768 prorsus
536 1689 692 1767 peculiare
716 1701 743 1752 ot
763 1689 893 1764 spolium
916 1707 1013 1746 mcroe
1036 1687 1210 1765 proprieta-

180 1811 219 1868 tlr
237 1809 408 1868 vindicante
438 1807 630 1884 objectivitas
655 1807 691 1865 alt
720 1805 818 1865 altero
846 1795 934 1884 parte
961 1791 1110 1864 terminos
1134 1789 1210 1861 suos
1316 1857 1317 1884 p

179 1927 222 1984 ito
245 1925 321 1982 liros
340 1896 372 1981 ct
393 1923 545 1982 stabilitos
569 1921 684 1994 reddit,
707 1930 740 1981 nt
762 1923 892 2000 positivo
915 1929 1069 1982 momento
1093 1923 1209 1980 extrin-
1316 1907 1317 1912 ¹

180 2059 270 2099 secus
298 2039 398 2097 oltltta
420 2036 625 2096 obedientium
655 2045 813 2098 externam
842 2043 994 2116 qvaeronl3
1023 2055 1115 2116 quare
1143 2053 1210 2114 quer

181 2155 377 2234 positirltatls
400 2157 552 2216 elementa
577 2163 752 2234 remanent,
780 2175 841 2215 non
871 2158 902 2215 in
930 2173 1056 2214 succum
1083 2161 1116 2213 et
1141 2171 1210 2213 san·

180 2275 300 2352 grinem
315 2278 548 2335 convertuntur.
584 2272 658 2348 Qvae
674 2273 874 2351 repugnantia
897 2289 934 2330 ex
951 2272 1000 2343 iis,
1024 2289 1089 2349 qvae
1102 2287 1213 2330 couse-

181 2398 326 2469 qvuntur,
353 2391 461 2450 mcliur
483 2389 653 2450 illucescet.
709 2388 865 2449 Laudatur
887 2409 921 2448 ee
951 2388 1111 2448 distinctio
1130 2387 1211 2446 inter

181 2507 254 2566 lidel
277 2506 441 2565 essentium
458 2513 490 2565 et
505 2507 707 2578 involucrum,
729 2513 763 2565 ut
784 2505 860 2564 fides
878 2505 1054 2565 Gltristiono
1068 2506 1097 2564 in
1110 2505 1210 2564 eccle*

181 2625 226 2683 sla
243 2624 427 2700 acquiratur,
444 2641 504 2682 non
517 2629 617 2682 rotem
631 2624 661 2682 in
674 2623 740 2701 ejus
753 2622 860 2680 lormls
873 2623 1057 2700 acquiescat.
1089 2622 1209 2680 norme

181 2739 410 2810 ecclesiasticae,
431 2739 581 2815 inquunt,
603 2757 662 2796 non
684 2747 754 2796 sunt
772 2738 861 2815 plane
880 2755 1041 2817 congrnoe3
1063 2737 1117 2796 sed
1140 2735 1208 2815 qut

251 3051 543 3122 poemenionem,
569 3068 626 3122 qvo
647 3055 679 3104 de
698 3052 853 3121 Solipsisruo
873 3052 1010 3118 theologie
1037 3054 1133 3106 critico
1151 3053 1206 3106 dis-

297 3147 402 3216 putavit
426 3146 447 3197 1.
467 3149 634 3197 Martensen:
662 3146 744 3212 „Cum
770 3146 849 3210 igitur
872 3145 922 3196 Dei
947 3146 1005 3196 idea
1027 3147 1205 3198 auctoritatem

298 3257 375 3291 suom
392 3239 503 3291 traxerit
519 3256 549 3290 ex
568 3239 615 3289 illo
628 3237 788 3289 conscientie
806 3237 923 3303 practico
941 3238 997 3289 sivo
1016 3255 1047 3290 ex
1066 3255 1146 3290 sensu
1164 3237 1207 3290 illo

296 3333 407 3399 infinito,
427 3333 490 3397 (non
511 3332 566 3384 vico
590 3333 693 3396 versa),
711 3329 753 3382 vis
777 3335 803 3381 et
820 3335 939 3396 potestas
957 3333 1016 3392 ejus
1038 3330 1207 3382 constitutiva

294 3430 425 3478 erreuoto
445 3429 495 3488 est,
510 3429 538 3474 et
554 3423 579 3474 si
597 3423 662 3474 talis
680 3422 722 3474 vis
739 3422 779 3472 illi
798 3424 934 3490 tribuitur2
952 3423 1002 3476 hoc
1020 3425 1107 3476 solum
1123 3423 1207 3479 roni-

297 3515 418 3571 nelistice
438 3519 477 3583 nt,
496 3532 574 3584 quum
594 3515 629 3578 id,
649 3517 716 3584 qvod
734 3515 821 3568 omnio
843 3517 1015 3568 constituendi
1032 3522 1058 3568 et
1075 3517 1206 3570 sanciendi

299 3610 351 3662 vim
369 3610 455 3672 hehet,
473 3609 576 3661 etiamsi
595 3612 668 3661 Deus
687 3625 738 3660 ιιοιι
759 3611 900 3676 apelletur,
918 3613 991 3661 Deus
1009 3615 1095 3661 tomen
1114 3615 1206 3661 actuo·

296 3701 341 3765 lie,
359 3717 476 3766 presens
496 3718 589 3752 numen
608 3702 633 3752 iu
652 3701 738 3752 animo
756 3702 869 3752 humano
890 3717 991 3753 summo
1006 3705 1068 3764 juro
1093 3700 1140 3753 dici
1160 3717 1205 3767 po-

295 3781 376 3846 terti
419 3795 458 3844 Dc
475 3799 532 3843 aot.
551 3809 633 3844 certeco⁴
654 3809 681 3856 p.
707 3791 751 3843 37.
