2460 4178
54 362 148 421 etism
182 361 264 418 lione
291 359 437 418 mundum
465 366 605 418 nostrum
630 361 793 437 omniaque
821 359 1023 438 plraenomeus
1052 362 1084 421 tn

60 495 95 536 ao
118 477 217 548 obvia,
239 477 453 548 constituerit,
477 475 530 534 illa
559 475 745 560 anticipandi
764 477 931 536 necessitas
958 495 1084 556 semper

70 595 218 672 epetitnr.
263 593 426 668 Quomodo
445 593 540 670 igitur
558 600 732 671 comparata
744 595 786 652 sit
806 610 841 653 ea
860 593 997 666 libertas,
1018 595 1106 654 uni·

75 727 145 768 ersa
173 711 317 768 ecclesiae
346 709 485 768 doctrina
519 715 590 768 ante
617 719 781 788 occupata,
818 710 997 789 explicanda
1026 719 1084 781 est,

53 844 115 904 qua
136 827 341 904 explicatione
353 831 505 903 suscepta,
528 826 563 883 ael
586 825 786 903 phaenomena
801 824 922 887 demum
946 828 1085 888 historiae

54 942 238 1018 specialiora
262 941 436 1020 transgredi
451 943 532 1007 iicet,
577 943 657 1001 Hinc
678 945 992 1021 autemcognoscitnr,
1012 944 1084 1022 qulrl

55 1058 115 1116 sibi
138 1059 210 1116 uelit
233 1059 284 1117 illa
306 1059 381 1117 fidei
406 1061 586 1131 necessitas,
613 1079 711 1137 quam,
729 1060 779 1118 ubi
803 1059 842 1118 de
865 1079 936 1120 vera
956 1062 1084 1120 scientio

55 1181 175 1251 agatur,
198 1176 293 1234 toties
305 1175 548 1235 commendatam
562 1176 712 1239 audimus.
756 1176 989 1237 Personalitatis
1008 1196 1094 1237 meae·

56 1292 221 1368 negatione
248 1292 435 1370 perficientia
465 1294 714 1370 personalitatem
752 1293 808 1352 net
840 1296 994 1373 percipi03
1029 1295 1085 1354 nisi

55 1417 159 1467 autem
178 1415 262 1466 esset
279 1411 478 1487 personalitas
501 1427 566 1468 mea
589 1410 690 1481 realis,
714 1411 826 1469 nnllam
856 1412 1086 1490 profundiorem

56 1527 287 1604 personalitatis
312 1528 468 1584 no'tionem
491 1527 654 1599 haberem,
684 1533 719 1584 ut
742 1544 815 1585 vero
842 1528 936 1586 realis
952 1531 1008 1601 sil,
1029 1536 1086 1613 pio

56 1643 100 1700 sit
119 1660 250 1700 necesse
276 1651 341 1713 est‚·
363 1660 527 1720 cognosse
552 1642 647 1700 Deum
676 1648 723 1701 est
749 1643 844 1718 igitur
866 1644 963 1703 Deum
992 1666 1086 1725 agno·

56 1776 165 1830 scere,
189 1761 211 1819 i.
240 1777 268 1818 e.
291 1760 356 1819 Deo
378 1778 412 1818 sc
437 1760 579 1829 tradere‚·
603 1776 696 1837 quare
724 1767 758 1817 ut
777 1780 792 1818 a
814 1769 902 1839 parte
933 1764 1085 1842 objectiva

57 1878 160 1936 omnia
184 1879 215 1936 in
246 1878 442 1935 existentiam
476 1896 535 1935 non
567 1877 751 1954 cogitantem
781 1851 878 1937 solnm
909 1881 963 1938 sed
995 1885 1085 1944 etiam

56 1996 213 2053 volentem
231 1993 440 2064 absolvuntur,
463 1995 504 2053 tta
528 1995 637 2066 etiam3
661 2011 677 2051 a
699 2001 786 2071 parte
804 1997 970 2074 subjectiva
990 1999 1086 2061 Deum

56 2128 209 2190 cognosse
225 2128 286 2170 non
309 2117 357 2169 est
376 2112 560 2189 cognitionis
583 2110 698 2184 solum,
722 2111 777 2168 sed
803 2114 893 2171 etiam
921 2116 1086 2178 voluntatis

55 2228 172 2290 seiieo
193 2227 449 2304 submittentis1).
494 2229 594 2304 Atque
615 2227 675 2284 hoc
694 2227 1085 2307 trahemusqnaaiponctum

56 2345 184 2417 saliens,
202 2345 234 2403 in
257 2363 317 2424 quo
337 2350 564 2422 argumentum,
587 2340 669 2420 quod
695 2351 743 2402 est
762 2362 817 2422 pro
839 2349 1000 2434 existentia
1023 2349 1089 2425 Del,

27 2452 36 2519 f
57 2461 286 2543 ontologicom,
311 2442 389 2521 cnm¹
411 2469 590 2538 argumento
622 2463 822 2521 conscientiae
859 2467 908 2523 sni
932 2468 1088 2543 religiosae

57 2579 218 2657 congruit3
238 2587 272 2639 ut
293 2578 368 2638 iilud
389 2577 713 2657 comprehensionem,
733 2579 775 2636 ita
802 2577 863 2638 hoc
892 2581 1087 2644 intuitionem

130 2834 155 2901 ἲ)
173 2836 256 2902 „cam
280 2833 360 2898 igitur
383 2833 433 2883 hoo
457 2833 516 2883 luce
534 2841 695 2897 agnoscetur
713 2837 805 2886 auctor
823 2835 906 2886 omnis
925 2837 1089 2892 conscientiae

181 2929 224 2980 sui
242 2930 369 2989 humente,
388 2927 574 2978 conscientiam
593 2928 744 2980 accuratius
764 2930 901 2980 defluimus
918 2931 1018 2997 iucem,
1036 2950 1088 3000 qua

158 3080 164 3091 Ι
179 3021 256 3072 homo
275 3028 404 3075 creatora
421 3021 467 3072 dei
476 3020 661 3072 manifestatur
668 3041 678 3088 3
697 3038 753 3090 qum
765 3023 866 3090 quidem
878 3022 990 3084 cognitio
1000 3038 1088 3077 semen

181 3119 208 3165 et
223 3113 297 3164 initia
315 3113 398 3164 omnis
414 3112 548 3177 religionis
567 3115 701 3181 omnisque
722 3116 809 3164 cultus
829 3113 908 3162 divini
926 3115 1065 3168 continett‘

252 3209 273 3257 Ι.
283 3209 435 3256 Martenseu
444 3208 483 3254 De
493 3206 643 3256 autonomia
652 3204 817 3256 conscientia
827 3206 869 3255 sui
879 3207 999 3259 laumense
1011 3227 1036 3274 p.
1047 3211 1088 3263 12.

262 3300 366 3365 „Quum
470 3295 546 3347 radia
570 3274 692 3359 cujusvis
717 3298 892 3362 intelligentiae
916 3299 951 3350 sit
968 3300 1087 3367 libertaS,

180 3393 218 3446 ita
235 3399 263 3444 ut
280 3392 364 3442 altera
381 3390 554 3454 intelligentia
571 3407 632 3442 sese
648 3408 708 3442 oum
725 3394 812 3443 altera
830 3393 1021 3445 communicare
1038 3413 1089 3450 uon

180 3486 274 3552 possit,
292 3484 368 3535 alteri
387 3483 495 3533 realiter
512 3483 601 3534 inesse
612 3493 733 3552 nequeat,
751 3486 932 3536 nisilibcrtate
943 3489 1087 3542 mediante:

182 3585 284 3646 oportet
299 3577 428 3629 hominem
445 3590 506 3626 sese
524 3578 580 3626 Deo
600 3576 680 3627 libere
699 3577 829 3639 subjicere
835 3597 845 3643 ι
871 3584 899 3629 ut
922 3580 982 3651 idea
1000 3582 1089 3634 divina

181 3673 207 3723 in
226 3673 338 3724 animum
356 3667 442 3736 ipsius
460 3669 568 3720 realiter
585 3668 664 3737 ineat,
681 3670 877 3740 intellectuique
898 3675 958 3735 ejus
974 3672 1089 3742 uniatur,

181 3762 199 3812 i.
217 3778 240 3814 c.
258 3768 361 3827 oportet
377 3774 437 3812 enm
455 3764 571 3827 eredere,
589 3771 618 3816 ut
633 3763 773 3830 intelligat.
791 3765 809 3813 Ι.
826 3764 846 3813 i.
865 3778 892 3826 p.
913 3764 953 3813 tl.
