2460 4178
580 150 655 219 roo

181 359 275 438 saepe
299 356 448 430 rodimur,
471 356 653 435 scripturum
674 374 789 415 rnorrrn
812 373 872 416 uon
894 357 1057 417 continere
1078 376 1128 435 sy·
1222 444 1225 449 ⁶

96 488 196 537 sterno
215 475 475 555 philosophicum,
493 474 547 535 sed
568 473 747 552 popularem
771 491 861 545 esse3
889 491 959 551 queo
986 475 1130 535 observu-

50 642 52 647 .
96 595 142 653 tio
171 611 261 670 aeque
285 591 358 653 trito
385 612 420 653 ro
447 611 518 651 vero
542 611 602 651 non
625 593 655 650 in
685 611 777 649 unum
810 610 935 651 seorsum
967 593 1127 669 accipitur.

50 694 53 739 ἶ
97 710 191 787 Qnorl
211 711 238 771 ri
259 710 353 780 enim,
378 709 430 786 qui
451 707 489 767 rd
511 709 737 786 simplicitatem
760 709 924 785 scriplurae
950 717 1128 786 provocent,

97 827 171 887 inin
192 834 366 885 monstrare
385 826 443 883 sihi
465 823 626 898 ridentur,
654 825 818 903 objections
843 824 991 883 doctrinm
1013 824 1128 885 formos

96 944 128 1003 ln
152 943 255 1001 medio
271 942 402 1018 relinqui
419 956 527 1019 posse,
545 940 637 999 ruodo
659 941 843 1001 reflexiones
865 943 945 1001 circo
973 945 1039 1020 pios
1057 962 1127 1001 sen-

96 1080 153 1121 sns
168 1067 200 1119 et
222 1067 378 1137 praeceptr
399 1059 524 1117 morelio
546 1074 602 1134 pro
627 1077 672 1127 eo,
696 1079 753 1136 quo
776 1059 889 1136 gautlet
909 1066 983 1118 oetas
1014 1069 1129 1132 nostra,

96 1178 288 1247 eruditione,
301 1175 495 1236 excolentur:
510 1183 616 1234 contra
631 1183 725 1235 toturn
740 1179 904 1254 scripturae
919 1179 1127 1237 oeconomiam

95 1303 202 1373 egunt.
247 1292 332 1355 Viam
362 1311 488 1369 prorsus
523 1293 707 1351 contrariom
738 1295 890 1372 scripturo
926 1294 1128 1357 commendet.

96 1411 213 1471 Verum
237 1408 362 1486 quidem
384 1417 443 1480 est,
466 1410 496 1467 iu
515 1411 666 1487 scripturo
678 1411 932 1488 simplicissimum
946 1431 1014 1471 esse
1027 1432 1128 1471 rernm

96 1527 269 1587 divinornm
289 1525 541 1602 descriptionem,
563 1525 618 1582 sed
641 1526 807 1584 tenendum
834 1535 882 1585 est
904 1529 1010 1599 etium,
1033 1531 1128 1606 expli-

97 1647 250 1705 cationem
280 1644 405 1720 pletatis
440 1650 472 1700 et
505 1641 683 1699 moralitatis
718 1660 788 1700 esso
826 1661 914 1720 aeque
948 1645 1127 1723 simplicem.

97 1762 233 1823 'l'errtnm
254 1760 359 1831 obest,
389 1767 423 1818 ut
448 1779 464 1818 u
492 1757 717 1835 subjectivitute
746 1759 900 1819 hominnm
923 1762 1065 1839 incipiat,
1094 1775 1129 1822 ut

96 1888 204 1939 contre
224 1879 261 1939 ro
279 1877 489 1954 objectiritote
511 1873 566 1933 Dei
589 1876 707 1935 ratione
730 1878 890 1954 perspicuo
911 1895 945 1936 se
965 1881 1127 1938 revelur‘rtis

98 2013 157 2073 per
175 1996 317 2072 spiritum
338 1987 424 2050 snum
444 2011 553 2049 novum
566 1993 635 2050 vitoe
653 2003 751 2073 atquc
761 1999 933 2074 supientiae
944 1998 1127 2074 principium

96 2111 273 2171 homiuibus
300 2110 481 2188 largientis,
521 2127 642 2168 omnem
675 2109 820 2186 pietatem
858 2117 889 2169 et
924 2114 1126 2172 moralitatem

97 2228 242 2287 deducet.
287 2226 361 2287 liam
382 2227 476 2305 igitur
497 2227 751 2298 distinctionem,
779 2246 867 2304 quoru
893 2237 923 2289 tn
949 2225 1026 2284 iocis
1047 2229 1127 2286 inter

96 2345 250 2423 objectiva
279 2350 313 2403 et
340 2345 508 2422 subjective
544 2345 729 2420 cognitionis
768 2352 936 2414 momento,
975 2347 1127 2424 scripturo

97 2462 223 2523 minime
245 2461 340 2524 novit.
374 2460 419 2518 An
436 2461 609 2529 credamus,
635 2460 771 2531 Paulum,
793 2480 861 2521 cum
883 2459 1129 2538 praedestinatio·

96 2581 147 2639 nis
178 2578 350 2665 doctri-nom
387 2588 592 2656 proponeret,
634 2581 673 2638 ito
704 2597 806 2639 secum
837 2576 1014 2637 meditatum
1043 2599 1127 2643 esset

96 2694 262 2755 Nescimus
283 2691 425 2772 quidem,
455 2695 527 2773 qnid
553 2695 633 2754 Deus
655 2698 685 2755 iu
708 2713 742 2755 se
763 2695 820 2765 sit,
847 2702 878 2753 et
908 2713 1045 2772 qnaenum
1068 2699 1128 2759 sint

95 2811 164 2889 ejnr
188 2811 334 2882 concilim
356 2830 424 2869 oum
449 2831 524 2870 vero
547 2813 716 2891 perideum
734 2814 1139 2893 proedestinotionismngnn

96 2927 249 2987 modestis
266 2927 383 2987 ludonis
399 2929 587 3002 inculcetur,
611 2917 752 3011 magnum
781 2934 922 2993 solatium
946 2930 1128 2990 Cirristinnis

210 3205 294 3256 efficit
320 3204 404 3272 idem,
431 3214 460 3257 ut
485 3206 648 3272 speculativo
671 3206 811 3259 creationis
837 3204 905 3254 notio
941 3218 1003 3254 esso
1032 3207 1128 3271 possit.

207 3297 345 3348 Notionem
363 3297 492 3348 libertatis
512 3298 638 3350 absoluto
657 3299 804 3364 dogmatico
822 3296 915 3347 critice
933 3297 1028 3350 leviter
1047 3301 1128 3355 ettiu-

208 3389 257 3452 git‚
276 3392 323 3441 sed
341 3390 434 3454 qurerit
453 3391 601 3456 dogmatico
618 3391 799 3459 speculativo,
818 3405 875 3440 curn
895 3390 930 3440 sit
948 3391 1072 3461 scientio,
1101 3402 1129 3449 ut

209 3481 339 3532 notionem
359 3484 392 3532 od
412 3488 543 3534 extremos
566 3501 647 3550 osque
666 3489 731 3536 flues
750 3498 948 3550 persequamur,
967 3500 1017 3550 quo
1035 3489 1077 3539 vio
1095 3493 1128 3542 od

209 3575 418 3640 metaphysicom
446 3577 550 3627 creandi
576 3577 705 3628 notionem
736 3575 912 3642 pervenimus.
960 3574 1047 3640 Quone
1072 3597 1128 3648 qum

209 3673 341 3718 momento
360 3667 473 3734 positive
490 3665 517 3718 in
541 3669 624 3721 merlin
650 3669 773 3736 relinquit
798 3670 945 3736 dogmatico
969 3675 1075 3736 critice,
1099 3680 1139 3725 rn-

212 3761 273 3824 igne
289 3757 536 3829 torrentulum,
554 3768 581 3813 nt
596 3762 699 3814 eveniet
715 3766 864 3829 dogmatico
878 3767 1051 3832 speculativo.

451 3916 498 3928 ..d-
