2460 4178
597 134 644 201 51

96 349 218 403 uaturae
250 339 443 400 identitatem
472 339 721 417 conspiciebant,
750 348 782 400 ut
805 340 935 400 historia
967 343 1035 421 ejus
1057 362 1130 404 rere

96 458 162 517 dici
192 464 298 535 posset
326 475 414 516 sacra
445 461 537 534 atque
570 454 683 519 dirius.
743 456 819 517 Cum
842 476 916 516 vero
943 459 1067 518 abiisset
1095 461 1131 519 ad

97 581 235 652 putrem,
266 574 475 651 spiritumque
504 574 677 650 emisisset,
702 573 762 632 vita
787 571 888 633 divina
910 575 952 634 ita
975 576 1131 653 apostolus

96 708 268 767 omnesque
291 689 400 748 lideles
424 689 615 768 penetrabat,
637 688 765 748 facultas
780 691 995 752 miraculorum
1016 713 1130 773 perpe·

97 807 274 868 transdorum
295 806 410 877 aderat,
435 806 648 884 apparitiones
669 807 830 882 geniorum
849 807 1029 868 coelestium
1043 829 1131 870 acce-

96 923 228 996 debant,
252 923 381 982 consilia
403 922 503 982 diviua
534 921 565 981 iu
596 920 872 981 machinationibus
900 923 1057 984 hominum
1080 929 1129 987 rel

96 1039 160 1099 τῶν
179 1030 344 1119 θεομάχων
364 1039 405 1098 ita
424 1037 669 1110 declarabantur,
695 1043 728 1096 ut
744 1037 903 1098 historiam
928 1042 1126 1119 apostolicam

90 1154 166 1234 jure
197 1164 302 1215 trostro
328 1175 445 1216 sacram
477 1153 680 1232 appellemus.
710 1189 749 1199 -
779 1153 886 1234 Neque
916 1163 984 1236 post
1012 1157 1128 1220 obitum

97 1271 322 1350 apostulorum,
353 1292 422 1332 cum
446 1271 567 1331 insidiae
589 1269 681 1350 hujus
705 1248 810 1331 muudi
840 1272 1130 1350 multiplicarentur,

97 1408 230 1468 cumque
269 1389 462 1460 adversarius
509 1388 568 1447 iste
613 1395 721 1447 uoster
769 1388 970 1468 implacabilis
1014 1412 1130 1452 novum

88 1506 248 1581 fraudem
276 1509 498 1585 excogitaret,
536 1515 572 1566 ut
605 1506 660 1566 areb
692 1508 761 1587 ipsc
787 1506 963 1566 christiani
988 1511 1128 1570 mominis

98 1625 197 1682 tituto
221 1625 370 1682 incoactos
381 1624 523 1701 falleret
534 1618 574 1704 ¹),
594 1621 666 1680 fons
690 1622 742 1680 ille
765 1621 961 1680 revelationis
982 1624 1131 1684 exsiccari

99 1756 192 1816 posse
211 1737 383 1808 videbatur,
407 1739 584 1816 immoque
609 1737 703 1816 magis
718 1738 799 1796 iuter
817 1736 961 1816 populum
976 1747 1131 1801 momenta
1207 1743 1211 1749 '

97 1855 165 1912 reri
187 1853 317 1932 falsique
341 1854 635 1925 commiscebantur,
656 1873 693 1914 en
717 1855 811 1932 magis
836 1848 979 1932 personis
1000 1858 1130 1932 sanctis,

99 1973 271 2049 praeceptis
294 1970 422 2031 fallendi
445 1971 571 2044 nesciis,
595 1971 732 2030 crito-riis
756 1977 866 2030 coetus
889 1969 1128 2034 christianorum

99 2105 243 2147 verorum
267 2089 420 2160 externis,
451 2089 614 2167 praeseutia
637 2087 691 2147 Dei
714 2087 821 2165 quovis
849 2088 942 2146 modu
965 2091 1130 2169 conspicua

98 2223 177 2282 opus
195 2213 272 2266 erat.
306 2206 410 2284 ltaque
427 2206 458 2264 iu
477 2203 696 2264 afflictionibus
710 2209 742 2261 et
758 2202 897 2261 tenebris
916 2203 1129 2282 hujusmundi

101 2320 250 2395 ecclesia,
279 2345 299 2383 o
321 2324 441 2404 spiritu
461 2331 586 2394 sancto,
611 2322 662 2380 illi
682 2340 806 2380 omnem
829 2321 1002 2381 ueritatem
1025 2324 1130 2386 indies

99 2450 311 2519 suggerente,
334 2439 447 2499 edocta
462 2436 713 2516 praeclarissimas
728 2436 938 2495 institutiones
950 2435 1129 2502 efformavit.

101 2556 289 2615 Sacerdotes
317 2556 422 2616 sicarii
446 2554 504 2614 Dei
527 2553 692 2632 prodeunt,
713 2552 843 2649 visibilis
866 2557 980 2625 rector,
1005 2573 1042 2614 ue
1064 2556 1129 2641 pul·

99 2673 253 2732 cherrima
297 2671 416 2731 Christi
447 2690 576 2749 spartam
606 2669 703 2730 iacies
735 2671 898 2733 maculam
928 2680 984 2731 ortt
1012 2693 1129 2752 rugum

101 2792 296 2864 contrahat,
334 2788 482 2846 uuitetem
516 2787 670 2848 visibilem
702 2788 874 2850 coustituit.
935 2786 967 2846 lu
1001 2791 1138 2868 mystico,

101 2913 364 2966 sacramentorum
386 2905 488 2965 nimbo
512 2904 655 2964 Christus
675 2905 742 2982 ipae
765 2903 970 2982 conspicitur,
1000 2907 1131 2966 miracu-

102 3024 203 3082 lorum
225 3026 324 3083 series
345 3021 445 3081 iudica
468 3020 596 3092 crescit;
615 3027 706 3096 atque
729 3020 760 3077 in
783 3019 840 3078 hac
859 3020 1003 3076 continua
1020 3020 1131 3082 (livinae
1176 3098 1178 3100 v

103 3148 221 3199 naturae
251 3138 459 3198 incarnatione
496 3152 604 3194 cmrrcs
646 3134 783 3210 empirice
815 3132 945 3208 uulgaris
980 3138 1130 3198 terminos

101 3254 303 3334 transgressis
325 3252 446 3311 coelum
468 3248 655 3308 recluditur:
690 3253 840 3327 apparent
860 3247 1015 3324 myriades
1036 3226 1129 3331 nuge-

102 3375 204 3433 lorum
226 3371 414 3450 majestatem
437 3367 666 3446 Omnipoteutis
690 3363 922 3438 celebrantium,
944 3372 975 3426 et
992 3368 1039 3446 pia
1054 3367 1130 3430 Mo·
1193 3422 1200 3432 .

104 3501 156 3551 ter
178 3491 243 3551 Dei
263 3487 372 3564 stipatu
402 3485 551 3542 uictorum
581 3488 750 3559 martyrum
773 3497 903 3554 cornua,
929 3483 1132 3561 jubilantibus

109 3644 474 3662 ,Μ

177 3733 202 3798 1)
222 3736 270 3784 etr.
287 3734 421 3799 cyprian:
441 3734 589 3788 tenuitate
609 3735 735 3788 ecclesie.
1119 3720 1190 3928 Δ
