2640 4306
700 177 751 246 u
810 205 816 216 .

213 386 327 468 prodit.
349 381 427 444 Fide
449 388 541 460 atquc
557 382 749 461 experientia
768 385 816 459 nis
830 403 908 465 opos
923 392 981 461 ert,
994 395 1027 448 nt
1037 388 1183 469 dogmata
1199 409 1252 450 re-

213 504 336 581 iigioois
349 500 526 560 cirristianoe
534 500 824 600 rectegrpiicentur
837 501 893 582 (de
903 503 1251 585 doctrioaonticipanda

212 619 271 680 cir.
292 615 407 697 supro),
427 636 495 676 cum
517 617 547 676 in
569 635 617 689 ea,
635 621 741 694 utpote
763 620 914 680 interiore
930 623 1061 680 venitote
1077 623 1153 697 ieta,
1178 625 1250 702 ipso

212 743 366 798 momente
388 734 549 794 dialectica
570 732 735 812 indagandi
753 735 882 796 facultas
911 736 1012 798 intest.
1061 741 1138 816 Qnae
1165 741 1248 800 tides

115 845 118 852 ¹
213 852 289 914 nibil
311 851 391 912 atiud
416 857 474 922 est,
496 869 585 928 qoem
602 851 758 930 ingeoin'm
776 855 875 933 ipsum
891 862 1009 933 aparte
1028 860 1248 934 praetentione

211 989 240 1032 n:
258 969 401 1048 reiigione
424 975 606 1047 spectatum.

689 1161 759 1242 §o

298 1317 345 1376 En
370 1333 407 1374 en
435 1320 535 1374 antem
562 1313 701 1384 ratione,
732 1331 800 1391 qum
825 1314 907 1374 inter
929 1314 1243 1393 comprehensionem

209 1443 300 1516 nique
315 1433 508 1492 intuitionem
531 1430 711 1501 intercedit,
739 1431 879 1508 sequitur
898 1435 932 1490 nt
966 1433 1101 1492 scientia
1132 1441 1244 1495 nostro

210 1563 281 1616 ente
304 1550 583 1614 manifestationem
601 1549 672 1606 vitae
695 1545 806 1607 divinoe
829 1547 1096 1625 perfectissimam,
1117 1567 1146 1609 o:
1170 1559 1242 1610 aute

209 1673 304 1751 ipsam
336 1666 555 1728 beatitudinem
579 1665 685 1743 pertici
722 1682 782 1724 noo
813 1665 931 1742 possit·
975 1665 1118 1725 Notioois
1157 1669 1240 1728 euim

209 1796 321 1848 nostrae
344 1783 699 1863 perstricoitas‘remper
726 1781 913 1840 detrimento
940 1781 1071 1859 quodam
1103 1785 1240 1862 pienitu-
1303 1799 1304 1830 ³

209 1903 290 1962 dinis
320 1899 413 1958 neniis
440 1896 591 1956 vindicato
620 1903 684 1968 est;
717 1915 778 1974 quo
808 1898 903 1976 magia
931 1898 963 1956 iu
992 1917 1044 1958 res
1076 1909 1239 1962 concretas

208 2027 301 2097 atque
321 2013 524 2076 individosies
546 2011 718 2084 tendimus,
740 2031 777 2072 eo
801 2013 922 2092 lougius
951 2014 981 2072 io
1006 2014 1238 2093 hypotheticam
1303 2003 1304 2006 ¹

207 2136 358 2196 libertatis
367 2132 523 2209 regionem
540 2129 731 2190 deducimur.
776 2129 880 2206 Qoid‘t
906 2131 987 2208 quod
1005 2130 1238 2210 disciplinarum

208 2252 341 2314 circulus
361 2251 386 2310 ia
410 2255 468 2321 eet,
492 2255 526 2308 nt
545 2265 637 2325 quom
650 2245 748 2304 aitera
769 2219 902 2306 aiteram*
917 2247 1086 2314 absolutam
1107 2257 1252 2327 quaerat*

208 2365 521 2430 notin-conrummari
553 2365 659 2441 possit.
708 2363 860 2439 Quamdiu
890 2362 1023 2424 diversae
1041 2365 1102 2424 iiiae
1133 2385 1237 2426 rerum

159 2559 163 2567 ¹
207 2481 440 2565 spectandorum
469 2480 622 2550 rationes,
647 2497 703 2554 per
733 2498 843 2538 sensus
872 2486 905 2538 et
931 2499 988 2558 per
1017 2467 1237 2557 cogitationem

206 2613 298 2683 puta,
314 2621 350 2660 se
370 2600 500 2658 invicem
523 2593 639 2654 infinita
662 2593 843 2656 alteratione
860 2599 1027 2676 excipiunt,
1048 2615 1077 2660 o:
1093 2597 1237 2676 quamdiu
1302 2665 1303 2668 Ἴ

207 2721 264 2779 bac
296 2719 327 2776 io
356 2716 416 2773 vita
442 2731 567 2783 sumus,
593 2712 726 2770 relatiua
754 2714 893 2773 scientiae
920 2719 1034 2773 nostroe
1066 2715 1238 2778 obscuritas

206 2830 373 2919 (βλέπομεν
395 2825 452 2912 γὰρ
473 2822 556 2908 ἄρτι.
573 2825 605 2886 di
631 2819 764 2908 indutos
790 2826 821 2889 ἐν
855 2825 1028 2909 αἰνίγματι)
1055 2839 1168 2892 monet.
1196 2867 1237 2878 --

205 2954 315 3030 Neque
332 2947 425 3026 hujus
437 2945 654 3005 imbecillitatis
675 2963 763 3005 eausa
784 2952 897 3006 nostroe
918 2949 1014 3006 soinm
1035 2949 1236 3010 conscientiae

205 3066 366 3130 tribuenda
379 3072 444 3137 θείς
467 3061 671 3124 sensualitatis
689 3060 756 3120 iabe
769 3062 951 3122 obscuratur
973 3065 1102 3124 scientia
1118 3073 1234 3137 nostra,

206 3187 276 3265 quia
302 3181 431 3242 muudus
467 3187 572 3242 noster
601 3177 751 3238 renunciis
780 3184 838 3240 est.
896 3179 959 3238 Res
990 3181 1072 3240 nulia
1099 3202 1116 3240 a
1146 3182 1233 3242 nobis

205 3302 348 3382 cognosci
363 3297 480 3378 poterit
500 3303 664 3373 autequam
676 3283 869 3356 manifestata
889 3296 920 3355 iu
938 3296 1036 3356 iucem
1054 3298 1233 3378 objectivam

205 3409 409 3498 prodierit2).
432 3397 524 3487 ¹Quid
536 3411 623 3500 juvat
640 3413 732 3489 igitur
747 3412 778 3472 in
793 3421 1027 3486 momontum,
1050 3412 1232 3486 indistorta,
1301 3385 1302 3450 ι

226 3583 574 3598 —-——-

261 3687 302 3758 ·¹)
320 3689 589 3743 Enhvchidcnsknb
607 3707 637 3743 er
653 3707 686 3742 en
699 3689 784 3742 Viden
796 3707 837 3742 om
852 3693 946 3756 Nocet,
967 3707 1024 3743 som
1042 3689 1229 3743 Vidensknben

324 3782 388 3834 ikke
396 3781 566 3850 stembringer
571 3798 657 3850 3mcn,
664 3797 755 3837 somer
763 3782 1080 3850 deroeibnngigtoiden.
1098 3785 1229 3853 Monotes:
