2460 4178
609 105 683 174 Md

221 317 262 374 ito
291 330 366 371 vern
393 320 535 389 apparat,
568 313 661 388 ipram
683 313 789 372 mnndi
818 292 1102 374 reoodoiiiationem
1132 316 1171 376 ad

136 450 253 493 oaorem
267 429 383 488 cunm
406 429 577 500 hiatur-iam,
599 438 688 486 racto
711 431 910 508 expiandam,
934 431 1048 490 referri
1073 450 1174 510 opor-

60 525 65 529 ,
136 560 212 611 tere.
259 547 477 606 iieoonoiiiatio
503 547 583 605 enim
605 546 647 605 ita
672 546 751 605 faeta
775 553 833 619 est,
857 547 1074 620 nicomatus,
1099 567 1172 609 oum

135 666 326 746 gravissimas
348 664 417 721 ritae
438 663 649 740 oppositiones
668 664 825 734 subiisset,
851 665 949 724 viator
976 665 1198 735 discederet..

136 785 240 860 erare
266 781 521 858 quemadmodum
549 778 641 838 homo
670 779 814 838 naturalia
846 781 876 839 in
908 780 990 840 huno
1018 782 1173 842 mundum

137 902 182 961 aio
204 898 394 978 ingreditur,
422 905 454 955 ut
476 897 613 955 tenebrae
635 903 756 974 atergo
776 899 847 967 sint,
880 903 911 956 et
933 897 985 956 iiie
1007 898 1091 956 undo
1116 917 1175 970 ve·

138 1017 235 1084 uerit,
260 1015 390 1084 inueniat,
419 1021 512 1090 atque
531 1014 622 1072 etiam
646 1031 752 1072 omnus
773 1015 842 1072 vitoe
865 1022 896 1072 et
916 1016 1023 1073 mortio
1044 1023 1174 1074 nontra-

138 1133 291 1192 diotionea
320 1131 432 1187 misera
458 1131 636 1204 calamitae,
664 1148 732 1188 urim
755 1130 890 1206 ignoret,
915 1150 976 1208 qno
997 1131 1103 1208 abeat:
1127 1132 1173 1190 ita

137 1252 278 1311 Christus
289 1239 322 1325 (ἡ
335 1237 415 1317 ὁδὸς,
435 1237 514 1322 καὶῆ
529 1236 670 1322 ἀλήθεια,
682 1243 733 1303 καὶ
744 1238 763 1323 ἡ
775 1240 850 1327 ζωή)
863 1248 967 1326 prodit
982 1266 1019 1306 ex
1036 1250 1172 1324 regione

139 1369 216 1426 iuria
240 1371 384 1432 aterne,
411 1361 510 1419 dirim
532 1362 624 1420 animi
645 1366 813 1422 contutanda
837 1364 1029 1442 praesentiam
1056 1363 1117 1422 Dei
1138 1365 1171 1422 in

138 1482 250 1545 mondo
271 1477 387 1538 doioria
409 1478 594 1548 manifestat,
614 1498 731 1556 parque
750 1483 857 1538 mortio
879 1480 1070 1540 terrebrasnd
1096 1498 1171 1558 reg-

28 1622 36 1635 ·
138 1618 208 1660 unm
220 1597 326 1675 giorioe
338 1596 516 1654 revertitur.
560 1589 723 1676 (Ἐξῆλθον
734 1593 817 1677 παρὰ
833 1599 872 1658 τῦ
883 1593 1009 1676 πατρὸς,
1031 1593 1081 1654 καὶ
1095 1588 1180 1677 diri--

137 1717 220 1776 indo
235 1712 277 1784 εἷς
289 1707 343 1771 τὸν
358 1703 484 1787 κόσμον*
501 1703 591 1770 πάλιν
602 1707 714 1792 ἀφίημι
728 1709 783 1773 τὸν
793 1706 918 1790 κόσμον,
935 1711 986 1772 uni
998 1705 1170 1794 πορεύομαι

137 1826 213 1912 πρὸς
223 1824 278 1888 τὸν
288 1823 427 1907 πατέρα).
464 1829 566 1906 itaque
581 1846 640 1887 nnn
652 1829 779 1908 singuiis
791 1833 889 1889 auium
902 1831 1075 1890 homiuibus
1087 1833 1169 1890 viam

138 1954 296 2016 monstrat,
317 1943 480 2002 sedetiam
503 1964 602 2003 reram
625 1947 718 2005 totino
736 1947 838 2005 muudi
856 1947 1013 2007 historiam
1039 1947 1169 2005 reveiat.

221 2062 283 2121 Sed
298 2068 330 2120 nt
347 2062 524 2120 miraculum
544 2063 753 2139 inspirationis
769 2081 826 2140 per
846 2061 1061 2121 individualem
1075 2061 1170 2121 Cirri-

137 2189 217 2242 atum
237 2180 402 2239 mediutmn
421 2185 486 2249 oat;
511 2180 551 2236 ita
569 2185 643 2237 aetaa
664 2197 785 2256 quoqne
805 2177 972 2256 apostolica
983 2187 1170 2256 sequentem

138 2299 278 2357 eooieaiae
301 2295 545 2354 efformationem
572 2303 667 2372 parat.

228 2413 274 2472 Ab
296 2415 390 2472 aitara
409 2414 488 2470 enim
512 2419 599 2490 parte
619 2411 707 2469 fixam
730 2418 821 2488 atquo
845 2411 1030 2470 immobiiom
1047 2410 1171 2472 Christi

138 2532 299 2610 imaginem
329 2529 481 2607 depingit,
513 2535 604 2606 atque
634 2530 674 2587 ita
703 2531 839 2606 quemvis
876 2528 1048 2587 aeortiorum
1082 2526 1171 2587 futu-

139 2668 241 2708 rorum
264 2647 427 2714 hominem,
450 2645 501 2722 qni
523 2643 678 2703 Christum
702 2644 807 2702 ridere
825 2643 992 2716 desideret,
1013 2646 1172 2722 scripturd

138 2768 226 2825 saord
246 2764 366 2822 inritat:
385 2755 481 2841 ’Έρχο
502 2757 552 2818 καὶ
574 2757 629 2820 i‘de.
674 2763 720 2820 Ab
743 2761 838 2820 aitera
860 2781 933 2820 raro
964 2769 1048 2840 quarte
1070 2770 1171 2820 trono

137 2883 172 2941 iit
195 2882 224 2939 in
247 2879 335 2937 aiiam
359 2877 498 2936 eoeieaioe
517 2876 657 2936 formam.
707 2877 822 2939 Omnes
849 2882 929 2940 enim
960 2880 1100 2941 eouieaiaa
1120 2877 1172 2938 iu·

138 2997 314 3056 stitutionea
336 3012 372 3052 eo
388 3001 536 3070 spectant,
559 2995 698 3074 utmagis
722 2997 878 3076 magisque
900 2998 1080 3057 efformetur
1098 2995 1171 3056 idea

141 3115 306 3185 dominatio,
336 3118 371 3170 ut
392 3114 508 3170 animno
532 3112 679 3170 humanus
705 3113 735 3171 in
759 3133 792 3172 aa
819 3114 971 3187 reflexus,
1007 3133 1062 3193 per
1083 3114 1170 3190 agni-

138 3232 252 3290 tionem
277 3237 392 3288 naturae
415 3249 478 3287 suae
504 3202 598 3287 iianm
625 3239 758 3306 quaerat,
787 3232 938 3303 inveniat,
967 3229 1170 3306 funditusquo

138 3347 299 3422 percipiat.
343 3343 474 3403 'l'antnm
496 3346 589 3422 igitur
610 3346 705 3417 abest,
729 3355 771 3420 nt,
795 3347 875 3425 qnod
895 3352 1001 3406 nostro
1026 3353 1169 3424 temporo

139 3461 282 3520 miracula
306 3479 364 3519 non
389 3461 477 3531 fiant,
500 3464 689 3539 auspicemur
710 3473 801 3523 aetato
824 3465 987 3541 apostolica
1004 3482 1063 3522 uon
1086 3462 1169 3522 faeta

138 3591 222 3632 eoae:
247 3583 279 3634 ot
302 3577 368 3635 vioe
389 3597 476 3636 versa
502 3587 631 3656 propter
658 3581 803 3640 miracnia
828 3580 908 3638 iilius
930 3580 1028 3640 aetatia
1052 3578 1168 3639 intriii-

70 3692 252 3896 τοῦ,
274 3712 328 3752 cnr
354 3696 455 3750 nostrai
481 3693 560 3752 nniia
583 3693 666 3753 flant.
809 3672 826 3704 Ι
