2640 4306
486 247 491 259 ¹
571 221 622 291 59

84 437 117 491 ul
140 427 224 492 nulia
242 425 308 490 reri
328 427 448 506 species
466 425 637 488 iufallllrllir
661 427 907 508 relinqueretur3
932 434 1035 502 immo,
1058 451 1120 510 quo

83 549 181 627 magia
207 541 388 604 offendebat
409 561 547 621 proruens
560 543 703 604 cocleaim
719 548 890 625 corruptio,
913 563 952 606 eo
974 547 1120 608 libentius

14 657 18 664 ’
82 668 120 726 au
140 671 339 743 prototypum
355 659 423 739 ejus
437 659 654 737 confugiebant
667 681 676 732 ι
691 679 752 739 quo
768 663 914 722 audacius
928 661 1117 724 divinitatem

82 781 284 843 traditionum
311 784 512 854 respuerant,
543 795 580 835 eo
612 777 732 837 firmius
758 779 940 856 primitivam
968 779 1118 859 euangelii
1179 779 1184 793 '

81 873 215 959 formam
245 892 522 974 amplectebantur.
573 891 718 952 Seculum
750 895 952 972 apostolieum
985 897 1118 958 eccleaia

81 1013 239 1074 oolhoiica
261 1011 411 1088 singulari
433 1009 524 1068 morio
546 1010 710 1082 extulerat,
734 1009 828 1068 liirros
852 1010 919 1090 ejna
945 1014 1117 1072 utcanoni·

80 1151 136 1192 cos
167 1135 349 1208 receperat,
387 1145 482 1206 quire
516 1145 583 1185 cum
614 1128 644 1186 iu
673 1127 711 1186 iis
734 1127 820 1186 iibri·
849 1147 954 1208 puram
982 1131 1116 1190 viritatis

79 1248 195 1307 focium
218 1244 405 1306 conscientia
434 1245 482 1322 pia
510 1245 695 1321 reperisset,
724 1245 901 1327 Scriptura
929 1247 1034 1308 Socra
1056 1267 1114 1308 oen

80 1365 227 1424 columna
250 1363 323 1422 lirlei
344 1361 557 1440 arripiebatur.

166 1479 255 1554 Quod
282 1488 464 1540 tamennon
488 1479 528 1536 ita
553 1477 786 1556 intelligendum
811 1488 874 1552 eat,
895 1496 930 1539 ac
952 1482 976 1540 si
999 1481 1114 1542 infalli-

80 1596 186 1656 bilitas
211 1597 381 1676 Scripturae
405 1596 509 1656 Socroc
539 1595 577 1654 orl
601 1595 745 1674 frigidam
774 1596 954 1673 positiriami
978 1616 1115 1658 normam

79 1713 272 1788 laudaretur,
291 1721 324 1772 ut
346 1714 425 1772 ustio
449 1712 494 1769 rei
518 1712 588 1772 hoec
610 1719 713 1772 esset:
736 1709 971 1770 Catholiclsmus
1000 1714 1039 1771 de
1062 1716 1115 1774 ao-

78 1831 181 1890 aoiuto
205 1815 355 1890 doctrinm
386 1848 450 1890 suae
479 1835 510 1888 et
538 1829 717 1908 apostolicae
746 1827 961 1888 conformitate
975 1829 1038 1908 jum
1064 1832 1114 1892 uto

78 1949 248 2024 gloriatura,
279 1946 394 2006 diutins
421 1947 511 2006 etium
540 1945 598 2004 olto
626 1965 700 2024 poce
738 1945 921 2024 gloriaturos
946 1957 1028 2020 erut,
1058 1952 1115 2011 nisi

76 2062 222 2142 tluoologi
253 2063 374 2141 qnidam
408 2062 490 2122 forte
513 2063 543 2120 in
566 2063 757 2140 Scriptorum
777 2062 900 2122 Sacrum
923 2063 1115 2138 incidissent,

77 2199 182 2260 carpite
193 2181 338 2239 attentius
355 2179 445 2250 lecto,
466 2181 728 2256 comparutionem
748 2179 962 2237 instituissent.
989 2181 1057 2241 Non
1072 2185 1114 2244 ita

76 2295 150 2355 lieri
173 2297 289 2374 poluit;
309 2297 367 2356 nisi
387 2296 467 2354 enim
490 2294 528 2353 de
551 2295 654 2353 multis
667 2293 877 2352 Outluolioiumi
897 2293 1114 2372 placitisdubii

70 2413 141 2490 jam
163 2413 337 2486 uenissent,
354 2413 390 2472 ud
415 2412 555 2472 eeclesim
574 2430 710 2470 cornuum
741 2411 923 2488 scripturam
952 2411 1115 2490 explicuis-

76 2535 164 2589 sent.
209 2528 271 2588 Seu
296 2532 410 2607 ueritas
435 2547 560 2606 semper
584 2535 633 2586 est
652 2528 824 2605 ubieunque
847 2546 1001 2606 praeacna,
1019 2505 1113 2608 quare

79 2663 152 2704 eum
188 2645 386 2724 depravatum
423 2646 611 2704 involuerum
647 2646 865 2716 removissent,
893 2645 1021 2722 spiritus
1050 2648 1114 2721 ille,

75 2761 132 2840 qni
160 2761 322 2821 ecelesiam
353 2781 503 2840 nunqnam
528 2741 690 2840 relinquit,
712 2759 875 2819 confestim
893 2763 1044 2840 uppuruit.
1072 2798 1112 2812 -

75 2877 185 2954 ltaque
209 2877 269 2936 hoc
292 2879 371 2938 bene
393 2875 559 2940 tenendum
582 2885 647 2948 est,
672 2897 740 2936 eum
763 2877 1002 2944 Protectontium
1028 2889 1113 2942 crute-

73 2994 198 3070 siguoni
222 2993 257 3054 ati
274 2994 461 3074 Scriptorum
473 3013 528 3053 oen
551 2994 588 3054 nd
605 3013 777 3073 supremam
795 2994 861 3054 ucri
877 3001 990 3054 testem
1002 2999 1112 3059 iterum

74 3113 256 3188 iterumque
293 3119 512 3188 prouocarent,
548 3109 608 3170 luoo
643 3129 697 3170 coa
733 3110 836 3170 faeere
873 3113 1008 3188 poluisse
1041 3132 1111 3174 eum

72 3226 191 3286 veritas
215 3229 280 3306 ipsu
304 3236 388 3288 essct
406 3228 569 3308 scriptume
592 3227 692 3302 testis,
716 3234 749 3286 ut
774 3227 915 3306 spiritum
937 3247 996 3286 non
1018 3231 1111 3292 verbu

74 3417 126 3426 μ-

199 3549 334 3614 traurigen
357 3553 517 3619 Gelonion,
544 3554 608 3604 dass
633 3549 677 3602 icit
702 3551 800 3602 moines
825 3553 921 3606 flErru
944 3555 1042 3608 Cluati
1060 3575 1110 3622 gar

200 3659 325 3708 vei-gesse
338 3680 345 3694 .
358 3678 385 3697 ..
402 3680 411 3699 .
428 3643 464 3696 iet
489 3661 518 3698 er
545 3645 661 3697 lenuoch
686 3641 807 3694 licimlicli
829 3643 868 3694 lei
891 3659 956 3712 uus,
983 3649 1111 3702 schloieht

199 3739 256 3800 Τις
274 3736 325 3788 unul
343 3737 432 3788 Naolut
458 3755 500 3791 um
519 3755 568 3791 ιιιιι
587 3741 633 3791 hor
647 3773 654 3792 .
670 3771 678 3792 .
693 3773 718 3789 ..
739 3737 850 3802 Auslog.
871 3737 898 3790 i.
918 3738 1019 3804 Epistol
1040 3757 1065 3792 ιι.
1085 3743 1108 3792 i.

199 3828 310 3880 Golator
327 3823 395 3894 Ga'p.
413 3829 441 3883 ³.
1165 3813 1176 3824 ⁸
