2664 4308
650 171 722 244 116

171 385 220 438 est
243 379 480 456 profundissima
506 379 709 458 irnaiiigemia
734 381 797 452 sni,
825 400 913 457 qnam
940 381 1027 442 ratio·
1047 380 1212 448 dommim

171 498 293 574 assequi
318 499 426 574 possit.
470 497 578 575 Neque
601 495 657 554 trac
680 498 710 556 iu
735 515 770 557 re
786 498 953 576 vituperari
969 499 1210 576 poteritnnasi
1321 535 1322 580 1

171 615 207 674 ιιΙ
231 615 320 672 vitam
345 615 501 690 positivum
526 614 638 673 reverti
662 613 769 685 satiet,
791 615 846 674 sed
872 633 1000 693 quartam
1025 615 1072 674 via
1092 633 1210 674 reuer-

172 736 262 800 tatur,
289 731 420 807 quaestio
445 737 503 792 est.
548 733 622 810 Ia'go
650 729 832 802 iirrmunnm,
863 731 923 790 nisi
959 738 1045 790 osset
1072 731 1209 809 positiva

172 865 274 906 rarum
297 853 420 916 uatum,
460 865 527 924 qnae
554 849 659 924 negari
689 853 807 923 posset,
843 846 880 906 aa
915 848 1056 906 notiones
1085 847 1207 924 logicas

172 963 377 1026 efformaudas
398 983 548 1041 nimquam
575 965 762 1042 perueniret.
814 961 888 1022 lurda
919 971 1020 1022 autem
1045 965 1204 1040 sequitur,

171 1087 203 1140 ut
235 1089 369 1158 systema
394 1081 551 1140 notionum
583 1081 726 1152 formate,
758 1082 899 1140 restitute
928 1081 1059 1158 positiva
1086 1079 1205 1157 ubique

170 1195 352 1256 destitutum
375 1198 503 1277 ejusque
525 1196 603 1256 arico
627 1195 785 1255 desiderio
815 1195 910 1254 ubivis
941 1197 1203 1274 imptaramvetn-

170 1315 276 1372 cietur.
321 1313 388 1372 Hoc
407 1315 497 1373 etiam
513 1317 585 1372 satis
606 1314 744 1390 agnoscit
766 1313 986 1388 Paniogismus.
1031 1313 1107 1372 Gom
1125 1333 1200 1372 uero

171 1450 236 1488 eam
268 1429 454 1488 {dealitatem
481 1429 518 1488 ad
547 1431 760 1490 aarctoritatcm
794 1430 906 1489 avehat
941 1431 1089 1504 altuinum,
1129 1451 1200 1490 cnm

173 1549 385 1624 irrrpotentium
419 1547 485 1624 ejus
525 1547 778 1624 omnipotentiam
808 1565 878 1604 esse
917 1546 1044 1606 crerint:
1077 1550 1201 1630 πρῶτον

170 1661 286 1738 ψεῦδος
305 1672 442 1742 apparet.
486 1663 530 1722 Ea
550 1664 629 1722 enim
657 1662 794 1722 identitas
825 1663 902 1721 iuilrii
936 1663 1017 1721 atiud
1046 1671 1112 1736 est,
1139 1667 1200 1723 nisi

171 1781 235 1856 ipsa
262 1781 387 1839 rationis
409 1780 548 1839 humanae
570 1780 676 1839 facies.
725 1777 838 1840 Vitium
871 1787 1052 1840 tamennon
1083 1784 1201 1841 tamin

171 1915 208 1954 co
229 1896 429 1972 quaerendum
451 1903 515 1967 est,
542 1897 622 1973 quod
650 1897 842 1958 identitatem
868 1898 995 1956 rationis
1025 1899 1136 1958 divinae
1169 1913 1203 1959 et

171 2012 310 2070 laumanae
335 2031 404 2072 esse
429 2013 544 2084 uolunt,
567 2031 655 2090 qurum
680 2016 711 2072 in
735 2032 773 2074 eo
795 2015 908 2096 potius,
928 2015 1009 2094 qnod
1030 2017 1075 2074 sic
1091 2017 1203 2074 imme·

171 2129 283 2188 aliatum
307 2131 466 2206 utriusque
488 2131 713 2192 immanentiam
747 2137 892 2192 statuunt.
940 2131 1017 2192 Num
1043 2132 1201 2204 identitas,

172 2265 240 2322 arnae
267 2245 347 2308 nulla
375 2245 552 2307 diversitate
577 2248 700 2319 nititur,
728 2255 862 2310 testante
883 2249 979 2326 logica
1001 2249 1202 2326 speculativo,

170 2363 385 2433 vitissimam,
410 2369 440 2420 et
462 2363 603 2420 confusio
625 2366 752 2422 rationis
771 2365 881 2423 diuinae
894 2373 925 2422 et
939 2363 1096 2437 hnmanae,
1117 2373 1201 2424 teste

66 2525 74 2539 ,
172 2479 435 2548 centesimarum
460 2478 668 2540 lintionaiismi
692 2481 848 2540 criterium
859 2479 897 2560 1).

252 2595 352 2654 Habet
373 2595 583 2676 Pantogismus
609 2597 716 2656 falsum
739 2597 846 2669 neum,
872 2615 964 2676 qnare
976 2598 1003 2656 si
1029 2580 1062 2657 in
1083 2615 1200 2676 seper·

172 2713 269 2784 sistit,
302 2705 411 2790 ἰὶλογος
440 2721 505 2782 est,
535 2713 591 2772 soal
622 2733 724 2773 veram
755 2715 904 2792 logicam,
932 2733 1027 2792 quare
1050 2712 1140 2772 modo
1161 2715 1198 2773 au

172 2829 328 2890 Christum
349 2829 524 2907 confugiat,
556 2829 650 2890 Deum
675 2850 747 2889 aere
775 2830 884 2908 logicae
912 2837 1028 2888 naturae
1052 2831 1199 2890 inveniet.

172 2946 341 3004 Profitetur
368 2946 435 3024 ipse
461 2945 672 3024 Pantagismus
696 2967 751 3024 per
769 2949 962 3026 gravissimas
982 2946 1200 3006 contradictio-

172 3083 226 3126 ruas
250 3061 287 3122 ad
323 3063 547 3122 immanentiam
574 3065 732 3142 perintrari
763 3072 927 3144 oportere;
960 3063 1017 3122 sed
1045 3071 1199 3122 momenta

171 3183 238 3260 ejus
260 3181 399 3260 opposita
429 3182 517 3240 nimis
548 3182 622 3240 levia
644 3188 734 3254 sunt;
764 3201 858 3260 qnare
880 3201 949 3242 cum
980 3182 1210 3262 soliacensium·

170 3300 260 3370 uerit,
283 3297 359 3358 nihii
373 3299 403 3356 in
420 3297 481 3356 tine
496 3299 686 3358 manifestari
704 3317 805 3376 posse,
823 3300 980 3376 ‚nisiqnod
998 3299 1028 3356 in
1047 3297 1198 3376 principio

168 3435 281 3480 ‘revera
301 3415 413 3488 fuerit,
444 3433 613 3492 agnoscere
639 3417 774 3493 cogitur,
796 3415 1050 3494 discrepantiam,
1076 3433 1144 3492 qnae
1167 3415 1196 3473 in

167 3583 511 3596 W

242 3691 270 3759 1)
289 3693 371 3752 Quam
405 3693 624 3746 Rationalismma
657 3701 684 3747 et
709 3694 909 3747 Formoiismum
941 3710 1017 3762 quum
1043 3695 1147 3747 sortiter
1173 3699 1198 3746 ut

289 3790 395 3834 strenua
412 3784 604 3848 impugnaverit
620 3789 645 3835 J.
667 3789 701 3836 n.
719 3785 848 3850 monetas,
866 3787 1031 3839 notissimum
1051 3794 1100 3840 est.
