2460 4178
569 120 643 191 tas

93 338 226 397 tansum,
251 334 284 386 ut
306 324 458 407 ejusmodi
484 325 669 387 traditiones
693 324 946 402 divulgarentum
969 319 1028 383 aeti
1046 304 1133 409 yffi·
1167 328 1175 376 t

93 447 137 504 eit
158 445 218 505 hoe
238 461 322 520 sepe
344 442 526 502 criticorum
542 441 693 514 Deismus‚
718 448 751 501 ot
771 439 922 517 originem
938 412 1110 499 relation·
1149 506 1156 519 ,

95 560 214 621 illarum
244 557 345 618 trsudt
375 567 468 636 atque
502 559 623 619 astutire
645 563 800 635 aeeeptam
829 556 931 634 potius
960 555 1115 627 referrent,

97 695 186 753 qnam
209 683 243 734 ut
266 694 371 734 eorum
392 683 550 735 auctorem
580 675 676 735 Deum
699 671 897 754 usnemun).
1004 645 1006 649 Ι

179 791 284 870 Longe
304 806 378 851 vero
397 791 488 851 aliter
499 793 530 853 iu
543 792 738 871 Panlogismo
754 791 953 850 aestimantur.
984 787 1124 849 Isaeum
1173 778 1175 787 ’

95 911 264 983 distinctio,
287 926 376 988 quam
395 907 587 969 criticismns
612 918 702 987 urget
727 911 808 968 inter
826 907 880 967 Dei
902 905 1006 965 iderm
1025 905 1126 964 animo

97 1031 148 1108 nio
180 1029 395 1087 obversantem
428 1033 458 1085 et
490 1027 585 1085 ileum
614 1026 731 1104 ipsum,
765 1023 951 1101 Ponlogisnri
975 1020 1128 1100 prirreinio

97 1151 257 1225 repugnet.
301 1144 404 1220 Quare
428 1145 454 1203 si
475 1143 669 1203 Critieismur
688 1143 842 1213 eomedit,
865 1138 1051 1201 traditiones
1074 1137 1131 1197 ui·

97 1264 268 1323 rreulorum
289 1267 321 1317 et
335 1260 557 1319 revelationum
577 1279 613 1318 ex
635 1260 705 1319 idea
723 1259 852 1337 quodam
866 1257 923 1315 liei
944 1264 1030 1315 ortas
1047 1272 1132 1325 esse,

97 1378 309 1454 Ponlogismns
338 1378 532 1458 comprobat,
566 1377 706 1436 extitisse
739 1395 791 1436 ens
822 1393 878 1454 per
910 1375 1131 1432 immunentem

99 1495 155 1553 liei
176 1496 206 1554 in
228 1494 335 1553 animis
359 1495 497 1556 humenis
519 1493 697 1554 ellieuoiam.

187 1613 264 1672 Cnm
293 1629 369 1670 vero
395 1613 436 1672 ita
458 1611 517 1673 hae
547 1612 773 1690 qualescunque
792 1608 849 1668 liei
868 1605 1134 1671 mattifestatiooea

98 1730 303 1790 necessarium
320 1731 350 1786 in
374 1729 503 1789 historie
514 1729 711 1788 revelationis
732 1726 864 1786 stadium
884 1722 1034 1792 efficient,
1059 1738 1133 1798 per·

99 1848 197 1905 tinent
217 1843 484 1903 admodiationem
497 1845 660 1904 eosmienm
674 1861 775 1923 neque
789 1844 862 1901 sunt
879 1837 1131 1898 contemnendae.

99 1959 230 2020 Tantum
256 1959 474 2034 igituruium,
506 1967 538 2018 ut
562 1960 731 2020 fabulosum
752 1959 853 2019 ordini
875 1962 1131 2026 annumerentur,

99 2085 131 2136 ut
153 2050 351 2155 phoenomena
373 2077 494 2137 tradent
518 2078 548 2136 iu
567 2096 653 2137 nsum
676 2078 814 2136 ueritatis
834 2075 988 2152 religiosos
1010 2081 1134 2130 restau-

100 2202 164 2255 rata
191 2204 283 2272 atque
307 2202 463 2254 exornata.
513 2194 641 2272 Mytltus
667 2195 761 2272 igitur
784 2212 843 2253 non
867 2190 966 2252 solum
991 2206 1133 2247 unomen·

100 2318 162 2369 turn
175 2310 373 2369 revelationis
388 2311 445 2368 sed
460 2313 550 2371 etium
572 2312 724 2371 illusionis
738 2304 926 2387 oorrttnetl).
968 2306 1134 2376 Homines,

100 2428 181 2485 inter
214 2445 289 2504 qens
319 2425 416 2504 mythl
451 2429 633 2498 extiterunt,
670 2427 870 2486 erediderunt
909 2444 958 2484 res
992 2427 1134 2483 narratas

100 2564 168 2603 esse
187 2543 352 2623 objectivos
372 2562 406 2606 or
432 2544 526 2604 Deum
548 2544 616 2604 illos
639 2544 755 2604 formos
775 2544 876 2603 linitas
900 2548 986 2600 extra
1006 2539 1133 2597 eousei-

101 2662 212 2718 entium
248 2660 408 2719 humanam
441 2662 631 2721 nssrrmsiese.
689 2660 717 2720 is
746 2668 848 2720 autem
885 2676 975 2718 error
1006 2654 1132 2715 labente

103 2842 254 2848 -.-.-...,...
262 2842 320 2847 ·—-——
327 2843 471 2852 ———..-—..

175 2941 203 3010 ¹)
223 2945 272 2996 eir.
295 2948 405 2997 Strouss
424 2949 487 3000 Lei.
503 2952 572 3001 Jesn
589 2948 677 3015 (1838)
695 2949 799 3000 Einleit.
818 2947 858 3016 §S
875 2947 900 2999 5.
917 2945 943 2997 6.

175 3059 200 3125 ²)
220 3065 312 3116 Wenn
332 3079 392 3113 mon
417 3063 458 3114 uie
480 3064 601 3129 Religion
626 3064 661 3115 im
687 3065 859 3116 Verhltltniss
885 3079 934 3116 nur
959 3059 1132 3125 Philosophie

219 3156 349 3207 bestimmt
367 3157 408 3207 eis
428 3158 475 3208 des
493 3161 685 3225 Bewusntseyu
703 3158 838 3209 desselben
860 3157 997 3208 absolutor
1017 3153 1133 3216 lunulis,

130 3320 134 3325 ᾗ
220 3251 283 3300 uber
301 3248 371 3298 nieht
387 3248 413 3298 in
431 3253 510 3300 Form
531 3253 576 3301 des
594 3251 718 3316 BegriffS,
744 3253 856 3302 sondern
875 3253 920 3302 tier
939 3246 1133 3310 Vorstellung:

222 3357 252 3391 ιο
271 3341 308 3392 ist
325 3342 404 3392 leieht
421 3359 454 3394 zu
475 3345 571 3407 sehon,
597 3344 660 3393 dass
687 3359 737 3394 nur
755 3349 830 3394 unter
856 3343 908 3396 und
932 3343 995 3392 tiber
1011 3339 1068 3390 dem
1088 3339 1131 3389 ei·

200 3498 207 3505 .
218 3433 365 3497 gentlielren
385 3437 566 3502 Steudpnnltte
585 3437 630 3487 der
647 3435 768 3500 Religion
795 3437 842 3488 dos
861 3434 1013 3504 Mythisehe
1042 3431 1132 3483 lehlen

221 3525 302 3588 kenn,
328 3523 463 3579 innerhelb
482 3530 527 3578 der
540 3529 679 3594 eigentlieh
702 3529 844 3594 religiosen
860 3530 961 3596 Sphltre
979 3527 1042 3577 eber
1063 3526 1131 3575 dss-

222 3617 294 3667 selbe
311 3619 464 3670 wesentlieh
485 3622 536 3672 und
555 3619 719 3685 nothwentlig
735 3622 884 3674 vorlrendeu
902 3621 948 3672 ist.
968 3619 977 3670 l
1004 3619 1023 3669 l.
1042 3634 1066 3684 p.
1087 3615 1132 3667 98.

223 3708 242 3776 s
263 3709 302 3759 14.
