2640 4306
608 163 610 175 ¹
681 181 732 253 48

193 391 319 463 lustret,
339 405 404 448 rem
424 389 521 466 ipsam
540 387 599 447 alhi
616 394 800 466 praesmlem
816 389 880 468 jem
899 390 1001 468 hahet,
1024 390 1124 474 (puori
1141 399 1234 474 pelis

193 509 243 568 hic
260 501 337 584 ael),
359 511 451 582 atque
473 504 514 564 lta
534 503 613 563 flues
634 504 849 584 intelligentie
870 506 1021 568 ahaolutae
1038 507 1230 570 intrinsecus

193 623 288 700 magia
309 622 468 700 magisque
487 619 703 682 alllatahuntur.

660 813 679 894 ς
702 815 754 874 ro.

276 967 318 1026 Ut
338 984 411 1026 vero
436 965 560 1025 uberius
595 965 721 1026 relative
753 965 894 1026 scientiae
929 973 1044 1028 nostrae
1079 969 1223 1030 limitatio

193 1089 373 1164 exponatur,
396 1083 517 1154 relatio,
541 1101 609 1160 quoe
632 1089 680 1142 est
700 1082 995 1160 interdogmaticam
1015 1092 1046 1144 et
1063 1085 1224 1150 historiam

193 1201 407 1280 speculativam
429 1201 598 1260 accuratius
609 1197 800 1259 considerari
822 1199 925 1260 dehet.
969 1199 1104 1262 Scienlia
1116 1212 1225 1264 nostra

192 1317 330 1378 ahsoluta
355 1324 420 1388 est,
446 1324 509 1376 turn
543 1317 613 1393 quin
640 1317 839 1376 conscientie
860 1318 1109 1396 perspicuitatem
1128 1320 1224 1380 hehet

192 1435 377 1506 ahsolutum,
411 1441 474 1492 tum
511 1434 590 1512 quia,
625 1449 694 1508 quoe
724 1439 877 1492 momente
906 1433 1053 1496 realitatla
1080 1439 1225 1497 continet

193 1555 322 1612 maxime
345 1559 416 1610 sunt
443 1549 627 1609 universalia
657 1568 714 1608 nuc
748 1569 879 1629 unquam
912 1551 1094 1630 abroganda.
1145 1553 1222 1613 lnvle

192 1676 292 1729 autem
314 1668 473 1748 seqnitur,
492 1669 649 1727 scientiam
671 1665 872 1744 dogmaticam
901 1685 969 1726 csse
992 1670 1126 1728 omnium
1153 1687 1223 1730 rea·

192 1785 347 1846 liaaimam.
398 1785 656 1845 Ahstractissimae
689 1789 760 1842 sunt
796 1785 936 1844 notiones
965 1783 1160 1864 ·0ntolcglve,
1189 1796 1223 1848 et

193 1903 334 1962 historiae
357 1900 486 1959 scientia
509 1899 599 1958 nimis
617 1899 829 1978 hypothetice.
874 1901 975 1977 Quare
1004 1899 1081 1960 illud
1110 1905 1222 1981 positi-

192 2019 294 2079 vitnlis
319 2021 518 2087 momentum,
536 2015 618 2092 quod
639 2015 676 2075 avl
693 2017 863 2096 negativum
876 2016 1044 2078 dialecticos
1064 2020 1221 2081 stimulum

193 2133 419 2215 provocandum
441 2149 564 2213 semper
588 2135 795 2194 necessarium
808 2151 876 2193 esse
891 2134 956 2213 jam
981 2135 1221 2210 observavimus,

192 2255 224 2314 in
249 2253 378 2332 regione
402 2249 543 2311 historiae
568 2249 738 2329 perlectum
768 2251 940 2312 intuitionia
969 2253 1221 2332 perspicuitatem

192 2390 254 2434 non
276 2373 413 2441 obtinet,
435 2368 491 2427 aed
515 2366 703 2428 obscuritate
730 2367 869 2428 sensuali·
888 2369 1038 2443 iniectus,
1066 2369 1158 2444 facit,
1188 2379 1221 2432 ut

191 2487 318 2548 aculeus
348 2501 473 2563 quoque
505 2483 685 2542 dialecticus
721 2485 833 2562 saepius
865 2484 1021 2550 hebescat.
1083 2486 1220 2548 Scienlia

185 2612 293 2666 'autem
316 2603 486 2682 dogmatica
507 2600 635 2679 respicit
653 2619 690 2661 ca
709 2601 833 2679 quidem
851 2603 1021 2662 realitatem
1048 2604 1219 2680 positivam,

191 2717 247 2781 sed
277 2738 337 2778 non
365 2718 601 2797 sapeciulissimu
636 2719 704 2796 ejus
726 2718 985 2792 modificationes,
1013 2737 1073 2797 quo
1104 2719 1154 2791 lit,
1184 2729 1220 2781 ul

191 2833 394 2901 contradictio
422 2852 547 2914 semper
573 2835 716 2914 prodeat,
748 2843 780 2896 et
808 2835 1043 2914 comprehensio
1070 2841 1218 2896 servetur.

191 2957 267 3018 Haec
296 2960 397 3016 autem
427 2952 495 3031 ejus
529 2957 633 3012 natura
665 2953 893 3031 repugnantium
925 2955 1075 3032 quandam
1110 2957 1217 3032 gignit.

191 3075 327 3136 Realitus
352 3069 433 3131 enim
455 3067 669 3143 universalior,
690 3070 847 3130 exstinctis
873 3071 1082 3148 phoenomenis
1108 3071 1218 3130 indivi-

191 3189 347 3262 rlunlihus,
370 3190 436 3267 ipsa
456 3187 628 3261 evanescit,
653 3188 803 3266 quaeritur
825 3188 882 3256 ito,
909 3194 942 3246 ut
958 3187 1217 3264 complementum

191 3307 288 3366 uhivls
307 3302 440 3375 accedet,
459 3306 589 3382 empiria
611 3304 764 3380 vulgaris3
784 3321 912 3363 —cum
937 3320 1012 3362 vero
1033 3303 1136 3382 omnia·
1154 3321 1218 3362 em·

191 3423 269 3502 piriu
301 3417 479 3499 hujusmodi
519 3419 656 3478 scientim
699 3419 892 3496 negationem
932 3427 963 3478 et
1005 3417 1218 3480 limitationem

191 3537 316 3608 eiliciat,
340 3539 490 3614 quaeritur
511 3536 649 3614 empirice
670 3535 804 3613 vulgaris
824 3537 856 3596 ln
877 3536 1095 3615 speculativam
1117 3541 1219 3594 trans·
1317 3537 1318 3548 ¹

190 3656 336 3718 formatio
360 3671 387 3711 o:
412 3655 560 3734 quoeritur
581 3654 710 3712 scientia
732 3653 889 3712 historice.

274 3771 447 3848 Utrumque
472 3768 612 3829 historiae
628 3785 726 3843 genus
745 3785 830 3828 suam
846 3768 982 3848 postulat
1006 3767 1115 3838 litlem3
1138 3766 1219 3827 litles
