2460 4178
607 89 656 157 52

121 301 253 381 paradisi
278 301 405 370 incolis,
437 296 635 357 horrentibus
659 292 854 353 internorum
884 297 1056 366 monstris,
1090 299 1157 358 cic·

121 428 226 478 torum
254 415 395 495 precibus
418 414 545 475 arridet.
591 413 691 489 Atque
714 411 755 468 ita
776 419 858 469 term
873 418 906 469 et
920 411 1057 484 coetum,
1080 432 1156 490 prae·

122 534 221 591 centia
235 540 267 591 et
285 533 399 604 futura,
421 530 571 591 naturalia
586 537 616 586 et
636 526 881 604 euprarraturatia
894 525 997 587 divino
1012 530 1155 589 ecciesiae

121 647 260 726 amplexo
284 651 501 720 continentur,
531 653 565 706 ut
589 644 717 703 historin
741 644 808 723 ejus
827 643 996 704 carnotina
1021 663 1097 704 vere
1119 648 1158 705 ait

123 764 250 824 historia
277 783 375 825 sacra.

593 925 612 1005 a
636 925 684 985 m.

206 1065 252 1124 ha
276 1074 376 1123 autem
399 1062 607 1122 Catholicismi
632 1059 861 1140 magnificentia
877 1061 1158 1122 contradictionem

124 1180 218 1239 hehet
237 1199 366 1259 eamque
388 1179 659 1238 fundamentalem.
716 1175 848 1256 Semper
878 1197 912 1236 ea
936 1188 983 1238 eat
1012 1181 1160 1239 essentiae

125 1303 241 1366 natura,
261 1304 297 1354 nt
321 1294 545 1372 phoenomerron
562 1297 608 1353 eui
630 1297 810 1363 constituat,
832 1313 926 1372 qnare
944 1314 1012 1354 oum
1030 1296 1158 1374 spiritur

124 1417 247 1470 nanctus
269 1429 329 1470 non
356 1412 494 1490 potuerit
517 1431 576 1469 non
598 1411 715 1470 formas
739 1420 769 1468 et
791 1409 976 1469 traditiones
999 1410 1158 1480 exhihere,

124 1546 243 1586 arimino
261 1528 333 1607 jare
357 1529 486 1588 dicitur:
518 1530 578 1590 Udi
597 1532 733 1610 spiritua
759 1528 803 1588 ibi
825 1530 969 1588 eeclesia.
1025 1525 1028 1529 ’

208 1643 285 1704 Cum
306 1665 380 1705 vero
402 1646 612 1705 institutiones
634 1645 761 1722 spiritua
786 1644 883 1702 tancti
907 1642 1017 1701 saliere
1042 1661 1160 1721 neque-

126 1769 195 1835 ant,
223 1780 291 1821 eum
315 1761 443 1838 singulae
468 1761 641 1819 traditionis
673 1760 837 1819 sententiae
870 1768 902 1818 et
925 1776 1017 1817 vocer
1047 1759 1159 1818 ‹ttrtnae

126 1878 187 1935 sint
212 1886 303 1954 atque
328 1876 547 1948 immntahiiea,
581 1884 645 1936 tarn
674 1885 802 1955 apparet
828 1875 996 1935 absolutum
1021 1875 1161 1934 veritatis

127 1992 299 2070 objectum,
334 1998 368 2052 ut
396 1992 534 2070 perfecta
563 1995 602 2053 ait
623 1992 765 2051 ecclesiae
795 1993 955 2052 inriaibiiia
976 1998 1008 2050 et
1029 1991 1160 2051 vieihiiie

127 2084 338 2185 congruentia.
388 2108 479 2168 Mena
501 2111 595 2187 igitur
616 2109 762 2181 humana,
794 2107 915 2188 quando
938 2107 975 2169 ad
996 2108 1159 2168 veritatem

128 2223 361 2302 percipiendam
393 2225 589 2306 aggreditur,
622 2225 698 2285 nihil
717 2225 796 2284 atiud
819 2225 896 2302 agit,
921 2245 1007 2302 qnam
1030 2232 1063 2284 at
1089 2225 1162 2285 hnic

129 2341 316 2397 institutioni
330 2349 424 2401 totam
441 2361 474 2401 se
494 2342 608 2411 tradat;
634 2350 698 2400 tota
722 2342 858 2418 cognitio
882 2342 947 2421 ejus
970 2343 1000 2400 in
1025 2362 1062 2400 eo
1085 2361 1159 2401 con·

129 2463 198 2529 etat,
220 2463 253 2514 ut
274 2465 428 2534 agnoscat,
449 2458 609 2518 ecclesiam
633 2457 747 2516 habere
771 2459 945 2529 veritatem,
968 2478 1036 2537 quae
1055 2467 1159 2519 antem

129 2592 199 2631 aera
217 2574 289 2644 sint,
311 2577 476 2653 praeceptis
492 2587 617 2637 sancire
639 2578 755 2636 matria
777 2575 1014 2654 morostratur.¹)

188 2688 263 2748 'Sic
295 2707 370 2747 vero
401 2693 568 2769 negiigitur
600 2693 651 2751 itia
684 2691 956 2770 phoerromenorum
980 2695 1102 2771 negatio
1128 2702 1161 2752 et

202 2865 226 2930 l)
245 2869 332 2918 Baur:
350 2863 464 2926 Gegens.
484 2864 508 2913 d.
526 2864 608 2917 Keth.
627 2865 680 2915 und
697 2867 811 2916 Protesi.
832 2881 857 2930 p.
874 2832 1020 2918 eos-uk

331 2955 414 3006 Sollte
429 2955 506 3016 jener
523 2956 617 3008 freiero
634 2957 738 3021 Begriff
753 2958 798 3009 der
817 2957 950 3010 Tradition
970 2957 1041 3008 seiae
1051 2957 1161 3023 eolog-

251 3049 307 3100 keit
324 3047 416 3112 haben,
435 3064 465 3099 so
485 3050 572 3101 aurfte
590 3051 638 3100 das
656 3049 746 3113 eigene
758 3052 861 3103 Urtheil
879 3052 924 3101 des
935 3051 1078 3104 Eiucelnen
1091 3051 1164 3104 nicht

254 3141 417 3193 achlechthin
438 3142 660 3205 ausgesehlossen
678 3146 792 3211 werden,
810 3160 839 3195 es
858 3150 958 3194 mttsste
972 3145 1060 3207 jedem
1079 3144 1161 3196 tiber-

251 3235 341 3285 laasen
359 3233 469 3300 bleiben,
488 3234 527 3284 die
544 3235 781 3300 Unterscheidang,
800 3238 840 3288 die
858 3229 990 3288 cwiachen
1013 3240 1090 3288 norm
1109 3237 1163 3288 aad

251 3325 354 3384 lahelt‚
380 3324 513 3374 awischen
531 3326 587 3376 dem
615 3328 818 3379 Wesenttiehen
843 3331 895 3380 und
922 3329 1161 3394 Unwesentliehem

251 3416 310 3466 dem
328 3415 508 3478 Allgemeinen
527 3418 739 3471 undllesondern
756 3421 878 3484 gemacht
894 3423 999 3473 werden
1011 3422 1073 3488 soli,
1093 3423 1161 3474 nach

251 3505 347 3557 wieder
364 3509 416 3558 aut
430 3509 497 3559 aliea
511 3510 647 3577 dasjenige
665 3515 852 3580 eorumden,
869 3530 928 3566 was
946 3514 987 3566 riie
1005 3515 1092 3566 (ibera
1116 3516 1162 3566 der

250 3598 348 3649 Kirehe
371 3599 412 3650 eta
439 3601 592 3666 attgemeiae
619 3605 704 3656 Lehre
731 3606 777 3657 der
796 3605 894 3658 Rircho
914 3608 1017 3672 geltend
1043 3607 1160 3663 machon.

95 3698 137 3880 Ι
