2460 4178
635 120 686 189 ott

227 332 270 390 ita
289 331 443 409 oppositio
466 344 589 405 quoque
610 327 692 387 inter·
714 325 958 403 srrbjeciiritatcs
981 326 1124 387 diversas
1152 327 1183 385 iu

140 448 269 527 singulis
291 445 430 506 coetibus
454 443 712 521 restringebatur.
764 441 858 502 Fides
890 443 973 503 enim
996 442 1184 521 subjective,

142 585 231 642 quam
252 561 521 643 protestantismus
540 560 675 619 externis
699 557 793 618 armis
811 558 970 619 debellare
986 578 1048 619 uon
1066 564 1182 637 potest,

142 699 211 739 cunr
232 679 262 738 ri
283 679 335 738 ilia
358 676 573 737 familiaritatis
606 675 741 747 interno,
769 683 805 734 ut
831 675 962 754 publicrc
988 673 1182 735 confessioni

141 794 364 865 assentiretur,
393 793 487 870 inque
524 790 591 870 ejus
619 789 770 849 doctrines
798 811 914 853 summa
943 810 978 852 ae
996 793 1062 871 ipsa
1086 808 1183 871 agno·

142 916 254 981 sceret,
275 908 407 969 adducta
431 916 534 970 essct:
559 914 622 965 tum
641 924 716 965 sane
739 906 842 978 debut,
861 914 895 966 nt
912 908 1026 987 singuli
1048 905 1183 985 singulis

143 1045 204 1087 uon
231 1026 360 1104 amplius
386 1027 635 1102 opponerentur,
658 1020 712 1080 sed
736 1021 814 1084 fides
841 1024 1081 1103 uniuscnjusque
1108 1022 1182 1083 suir-

137 1144 254 1223 jcctira
271 1140 308 1201 ad
325 1140 460 1200 omnium
476 1135 570 1196 iidem
584 1136 767 1216 objectiuam
787 1136 1053 1221 dijudicsretur¹).
1101 1136 1183 1199 iiiuc

143 1265 244 1319 aulem
278 1256 382 1335 coepit
408 1262 534 1313 externa
562 1253 701 1331 quaedum
729 1253 890 1328 limitatio,
923 1257 1056 1315 cesserit
1087 1254 1184 1315 suda·

143 1374 265 1433 cissima
285 1372 337 1431 illa
354 1370 521 1430 formarum
545 1376 578 1428 et
593 1369 864 1447 plraenomenorum
876 1372 1014 1451 ucgali03
1035 1388 1184 1448 cumque,

144 1490 256 1550 violatu
285 1486 494 1548 confessionis
522 1488 728 1558 arrcloritate,
761 1489 931 1547 violaretur
957 1486 1070 1547 veritas
1102 1487 1184 1568 ipss,

145 1625 200 1666 eos
221 1613 336 1678 sutem,
358 1604 410 1682 qni
430 1605 589 1663 veritatem
614 1605 644 1663 iu
667 1598 858 1663 mendacium
883 1602 1121 1682 pervertissent,
1143 1622 1184 1663 cx

145 1722 279 1782 ecclesia
301 1721 389 1799 ejici,
414 1721 445 1778 in
468 1738 625 1778 carcerem
650 1720 730 1779 mitti
753 1725 928 1798 oporteret:
954 1739 1037 1779 arms
1055 1738 1182 1799 quoque

145 1838 246 1897 civilia
273 1838 303 1895 in
333 1838 457 1913 promtu
485 1834 623 1915 crcut2).
675 1836 785 1914 Neque
810 1841 910 1895 tamen
933 1835 1127 1915 disquirendi
1149 1844 1184 1895 ct

150 1972 521 1987 ...ff—-

218 2045 245 2117 1)
265 2043 376 2098 Omnino
408 2043 546 2111 Philippus
579 2044 748 2098 Melouchton
782 2042 905 2110 privatus
944 2045 1012 2098 hano
1051 2044 1182 2111 insignem

269 2136 440 2191 mutationem
459 2135 506 2200 (dc
524 2136 691 2189 confessione
709 2135 815 2189 veriats
828 2133 938 2202 dicitur)
952 2137 1024 2202 fecit,
1042 2137 1183 2189 inconsul-

267 2228 313 2293 tis,
332 2245 442 2296 quorum
468 2229 612 2280 communis
637 2244 721 2281 censo
744 2229 879 2293 agebatur.
922 2232 1011 2291 Quare
1034 2229 1128 2282 statim
1150 2245 1184 2281 so

267 2322 323 2372 ista
340 2321 463 2389 innotuit,
489 2322 647 2388 improbavit
672 2323 746 2374 illem
765 2322 864 2374 elector
889 2323 1019 2390 saxonie,
1042 2322 1184 2373 Jolrsanes

267 2412 437 2477 Fredericns,
457 2414 577 2481 misitque
598 2415 632 2464 cd
643 2414 853 2466 Melanchtouem
872 2413 1061 2467 cancellarium
1078 2414 1176 2465 Ponte·

266 2518 338 2571 ιιιιιι,
357 2504 401 2573 qui
420 2518 479 2555 eum
499 2505 653 2570 objurgaret
665 2541 672 2556 .
760 2506 879 2559 Wolch:
898 2506 1059 2559 Introductio
1075 2504 1102 2558 in
1121 2505 1182 2557 iiior.

267 2597 332 2649 cccl.
352 2597 433 2647 Luth.
452 2597 540 2664 symb.
560 2615 585 2664 p.
606 2597 662 2648 188.

348 2688 473 2738 Testatur
484 2689 550 2738 idem
563 2704 663 2756 quoqne
677 2687 776 2754 sepius
787 2687 934 2754 castigatus
947 2688 1104 2743 deductrina
1114 2707 1181 2745 sus:

269 2778 330 2829 it'on
346 2778 425 2843 gigno
443 2796 528 2831 novos
546 2778 690 2846 opiniones,
710 2794 757 2830 neo
776 2780 848 2832 aliud
865 2784 955 2844 meins
973 2783 1063 2835 scelus
1082 2785 1183 2838 cassin

265 2858 391 2920 Ecclesia
408 2871 459 2922 Dei
477 2870 578 2935 sentio,
598 2888 676 2939 quom
694 2873 784 2923 ludere
810 2872 937 2938 tingendis
955 2873 1032 2925 noris
1049 2875 1182 2943 opinioni·

265 2959 332 3023 ina,
357 2968 385 3014 et
409 2963 542 3015 discedere
569 2978 586 3014 c
611 2964 769 3029 Propheticc
785 2969 813 3016 ct
829 2965 987 3030 Apostolica
1005 2966 1141 3032 scriptura
1157 2976 1184 3020 st

267 3067 398 3106 consensu
422 3071 486 3106 vem
515 3056 641 3107 Ecclesire
669 3056 728 3111 Dei.
765 3058 865 3122 Sequor
883 3064 973 3108 autern
992 3065 1019 3110 et
1036 3060 1184 3126 amplector

266 3145 417 3198 doctrinam
445 3148 569 3199 Ecclesiae
600 3149 800 3216 Vilcbergcnsr's
832 3155 858 3200 ct
884 3150 1106 3218 conjunctorum,
1137 3155 1184 3220 qui

266 3236 323 3288 sinc
352 3240 411 3290 ulla
436 3240 604 3293 dubitatione
635 3256 776 3292 consensus
809 3248 848 3292 cst
877 3242 1003 3295 Ecclesiae
1033 3243 1181 3295 catholicoe.

267 3330 411 3381 Melancht.
433 3333 521 3397 Opere
538 3347 564 3397 p.
584 3332 607 3381 1.
625 3346 641 3395 p
676 3330 723 3380 tto
739 3333 838 3386 Locor.
858 3334 948 3385 Theol.
966 3334 1099 3401 prefatio.

215 3416 297 3488 ²)1Jt
320 3422 484 3489 tuctptinsm
510 3422 718 3475 Celvinistarum
742 3429 893 3493 teceamus,
919 3427 1032 3481 oonicrri
1059 3435 1182 3495 possunt,

265 3527 322 3580 quaa
340 3513 366 3565 iu
383 3513 472 3565 litibus
497 3516 767 3583 cryptccelvinisticis
791 3523 945 3572 evenerunt,
987 3520 1103 3573 welch.
1128 3520 1182 3571 ni-

265 3600 397 3656 storische
432 3607 483 3656 uutl
508 3607 701 3670 Theologisohc
726 3610 878 3676 Eiuieiiunss
909 3611 936 3663 in
961 3610 1002 3663 die
1025 3611 1182 3676 Religiosis-

266 3691 461 3757 Streitiglreiten
482 3696 493 3745 l
515 3696 562 3746 Th.
580 3692 598 3744 2
616 3697 684 3763 (lap.
