<?xml version="1.0" encoding="UTF-8"?>
<!DOCTYPE html PUBLIC "-//W3C//DTD XHTML 1.0 Transitional//EN"
    "http://www.w3.org/TR/xhtml1/DTD/xhtml1-transitional.dtd">
<html xmlns="http://www.w3.org/1999/xhtml" xml:lang="en" lang="en">
 <head>
  <title>
</title>
<meta http-equiv="Content-Type" content="text/html;charset=utf-8" />
  <meta name='ocr-system' content='tesseract 3.04.00' />
  <meta name='ocr-capabilities' content='ocr_page ocr_carea ocr_par ocr_line ocrx_word'/>
</head>
<body>
  <div class='ocr_page' id='page_1' title='image "./despeculativahi00petegoog_0152.png"; bbox 0 0 2460 4178; ppageno 0'>
   <div class='ocr_carea' id='block_1_1' title="bbox 572 132 648 213">
    <p class='ocr_par' dir='ltr' id='par_1_1' title="bbox 572 132 648 213">
     <span class='ocr_line' id='line_1_1' title="bbox 572 132 648 213; baseline 0.013 -1"><span class='ocrx_word' id='word_1_1' title='bbox 572 132 648 213; x_wconf 73' lang='lat' dir='ltr'><strong>lid</strong></span> 
     </span>
    </p>
   </div>
   <div class='ocr_carea' id='block_1_2' title="bbox 95 346 1128 1129">
    <p class='ocr_par' dir='ltr' id='par_1_2' title="bbox 95 346 1128 1129">
     <span class='ocr_line' id='line_1_2' title="bbox 95 346 1128 431; baseline -0.008 -18"><span class='ocrx_word' id='word_1_2' title='bbox 95 351 233 431; x_wconf 83' lang='lat' dir='ltr'><strong>ideoque</strong></span> <span class='ocrx_word' id='word_1_3' title='bbox 251 362 351 412; x_wconf 77' lang='lat' dir='ltr'><strong>reram</strong></span> <span class='ocrx_word' id='word_1_4' title='bbox 366 349 558 410; x_wconf 80' lang='lat' dir='ltr'><strong>idenditatem</strong></span> <span class='ocrx_word' id='word_1_5' title='bbox 571 356 604 409; x_wconf 86' lang='lat' dir='ltr'><strong>et</strong></span> <span class='ocrx_word' id='word_1_6' title='bbox 624 350 906 410; x_wconf 69' lang='lat' dir='ltr'><strong>reconciliationem</strong></span> <span class='ocrx_word' id='word_1_7' title='bbox 924 346 1027 407; x_wconf 72' lang='lat' dir='ltr'><strong>inaltet.</strong></span> <span class='ocrx_word' id='word_1_8' title='bbox 1052 346 1128 406; x_wconf 80' lang='lat' dir='ltr'><strong>Cum</strong></span> 
     </span>
     <span class='ocr_line' id='line_1_3' title="bbox 95 465 1126 547; baseline -0.006 -20"><span class='ocrx_word' id='word_1_9' title='bbox 95 470 180 529; x_wconf 87' lang='lat' dir='ltr'><strong>enlm</strong></span> <span class='ocrx_word' id='word_1_10' title='bbox 200 466 431 547; x_wconf 76' lang='lat' dir='ltr'><strong>Panloglsmus,</strong></span> <span class='ocrx_word' id='word_1_11' title='bbox 457 486 518 545; x_wconf 83' lang='lat' dir='ltr'><strong>quo</strong></span> <span class='ocrx_word' id='word_1_12' title='bbox 543 467 580 526; x_wconf 90' lang='lat' dir='ltr'><strong>nd</strong></span> <span class='ocrx_word' id='word_1_13' title='bbox 603 468 829 527; x_wconf 88' lang='lat' dir='ltr'><strong>immaneutlam</strong></span> <span class='ocrx_word' id='word_1_14' title='bbox 859 465 1048 545; x_wconf 80' lang='lat' dir='ltr'><strong>perveniret,</strong></span> <span class='ocrx_word' id='word_1_15' title='bbox 1074 481 1126 522; x_wconf 86' lang='lat' dir='ltr'><strong>ex·</strong></span> 
     </span>
     <span class='ocr_line' id='line_1_4' title="bbox 95 579 1127 664; baseline -0.008 -18"><span class='ocrx_word' id='word_1_16' title='bbox 95 579 252 648; x_wconf 79' lang='lat' dir='ltr'><strong>islrntiam</strong></span> <span class='ocrx_word' id='word_1_17' title='bbox 274 586 306 644; x_wconf 91' lang='lat' dir='ltr'><strong>iu</strong></span> <span class='ocrx_word' id='word_1_18' title='bbox 328 583 404 645; x_wconf 85' lang='lat' dir='ltr'><strong>duas</strong></span> <span class='ocrx_word' id='word_1_19' title='bbox 425 594 529 664; x_wconf 77' lang='lat' dir='ltr'><strong>partes</strong></span> <span class='ocrx_word' id='word_1_20' title='bbox 559 582 727 643; x_wconf 85' lang='lat' dir='ltr'><strong>abstractas</strong></span> <span class='ocrx_word' id='word_1_21' title='bbox 752 581 923 655; x_wconf 82' lang='lat' dir='ltr'><strong>divideret,</strong></span> <span class='ocrx_word' id='word_1_22' title='bbox 951 580 990 642; x_wconf 90' lang='lat' dir='ltr'><strong>ad</strong></span> <span class='ocrx_word' id='word_1_23' title='bbox 1014 580 1127 640; x_wconf 83' lang='lat' dir='ltr'><strong>identi-</strong></span> 
     </span>
     <span class='ocr_line' id='line_1_5' title="bbox 97 699 1127 781; baseline -0.006 -20"><span class='ocrx_word' id='word_1_24' title='bbox 97 708 193 762; x_wconf 88' lang='lat' dir='ltr'><strong>tatem</strong></span> <span class='ocrx_word' id='word_1_25' title='bbox 215 703 378 781; x_wconf 77' lang='lat' dir='ltr'><strong>peruenire</strong></span> <span class='ocrx_word' id='word_1_26' title='bbox 403 720 462 761; x_wconf 91' lang='lat' dir='ltr'><strong>non</strong></span> <span class='ocrx_word' id='word_1_27' title='bbox 486 708 627 780; x_wconf 78' lang='lat' dir='ltr'><strong>poternt3</strong></span> <span class='ocrx_word' id='word_1_28' title='bbox 650 700 820 780; x_wconf 82' lang='lat' dir='ltr'><strong>dogmatica</strong></span> <span class='ocrx_word' id='word_1_29' title='bbox 841 708 942 759; x_wconf 83' lang='lat' dir='ltr'><strong>autem</strong></span> <span class='ocrx_word' id='word_1_30' title='bbox 954 699 1127 758; x_wconf 84' lang='lat' dir='ltr'><strong>Christiana</strong></span> 
     </span>
     <span class='ocr_line' id='line_1_6' title="bbox 97 816 1126 898; baseline -0.005 -21"><span class='ocrx_word' id='word_1_31' title='bbox 97 818 325 898; x_wconf 83' lang='lat' dir='ltr'><strong>oppositionem</strong></span> <span class='ocrx_word' id='word_1_32' title='bbox 346 818 514 877; x_wconf 84' lang='lat' dir='ltr'><strong>absolutam</strong></span> <span class='ocrx_word' id='word_1_33' title='bbox 537 818 650 878; x_wconf 90' lang='lat' dir='ltr'><strong>indicat</strong></span> <span class='ocrx_word' id='word_1_34' title='bbox 671 819 753 876; x_wconf 86' lang='lat' dir='ltr'><strong>inter</strong></span> <span class='ocrx_word' id='word_1_35' title='bbox 772 817 866 876; x_wconf 82' lang='lat' dir='ltr'><strong>licum</strong></span> <span class='ocrx_word' id='word_1_36' title='bbox 889 834 962 874; x_wconf 83' lang='lat' dir='ltr'><strong>uere</strong></span> <span class='ocrx_word' id='word_1_37' title='bbox 990 816 1126 874; x_wconf 87' lang='lat' dir='ltr'><strong>trionum</strong></span> 
     </span>
     <span class='ocr_line' id='line_1_7' title="bbox 96 933 1127 1012; baseline -0.007 -17"><span class='ocrx_word' id='word_1_38' title='bbox 96 936 129 995; x_wconf 92' lang='lat' dir='ltr'><strong>iu</strong></span> <span class='ocrx_word' id='word_1_39' title='bbox 153 952 189 994; x_wconf 91' lang='lat' dir='ltr'><strong>sc</strong></span> <span class='ocrx_word' id='word_1_40' title='bbox 210 934 381 1012; x_wconf 78' lang='lat' dir='ltr'><strong>perlectum</strong></span> <span class='ocrx_word' id='word_1_41' title='bbox 405 944 436 993; x_wconf 89' lang='lat' dir='ltr'><strong>et</strong></span> <span class='ocrx_word' id='word_1_42' title='bbox 458 935 602 994; x_wconf 87' lang='lat' dir='ltr'><strong>mundum</strong></span> <span class='ocrx_word' id='word_1_43' title='bbox 623 943 778 1005; x_wconf 66' lang='lat' dir='ltr'><strong>creatum</strong></span> <span class='ocrx_word' id='word_1_44' title='bbox 802 933 859 992; x_wconf 86' lang='lat' dir='ltr'><strong>sed</strong></span> <span class='ocrx_word' id='word_1_45' title='bbox 885 951 940 1011; x_wconf 87' lang='lat' dir='ltr'><strong>per</strong></span> <span class='ocrx_word' id='word_1_46' title='bbox 965 948 1031 990; x_wconf 88' lang='lat' dir='ltr'><strong>eam</strong></span> <span class='ocrx_word' id='word_1_47' title='bbox 1053 948 1127 989; x_wconf 90' lang='lat' dir='ltr'><strong>eon-</strong></span> 
     </span>
     <span class='ocr_line' id='line_1_8' title="bbox 96 1049 1126 1129; baseline -0.006 -18"><span class='ocrx_word' id='word_1_48' title='bbox 96 1052 313 1111; x_wconf 86' lang='lat' dir='ltr'><strong>tradictlonem</strong></span> <span class='ocrx_word' id='word_1_49' title='bbox 344 1051 603 1111; x_wconf 73' lang='lat' dir='ltr'><strong>fundamentalem</strong></span> <span class='ocrx_word' id='word_1_50' title='bbox 631 1052 782 1129; x_wconf 80' lang='lat' dir='ltr'><strong>contingit</strong></span> <span class='ocrx_word' id='word_1_51' title='bbox 800 1049 1015 1108; x_wconf 84' lang='lat' dir='ltr'><strong>reconciliatio</strong></span> <span class='ocrx_word' id='word_1_52' title='bbox 1043 1049 1126 1106; x_wconf 81' lang='lat' dir='ltr'><strong>luten</strong></span> 
     </span>
    </p>
   </div>
   <div class='ocr_carea' id='block_1_3' title="bbox 97 1161 1126 1255">
    <p class='ocr_par' dir='ltr' id='par_1_3' title="bbox 97 1161 1126 1255">
     <span class='ocr_line' id='line_1_9' title="bbox 97 1161 1126 1255; baseline -0.005 -26"><span class='ocrx_word' id='word_1_53' title='bbox 97 1187 205 1255; x_wconf 77' lang='lat' dir='ltr'><strong>pacem</strong></span> <span class='ocrx_word' id='word_1_54' title='bbox 224 1168 406 1227; x_wconf 71' lang='lat' dir='ltr'><strong>{eternitatis</strong></span> <span class='ocrx_word' id='word_1_55' title='bbox 432 1175 464 1226; x_wconf 84' lang='lat' dir='ltr'><strong>et</strong></span> <span class='ocrx_word' id='word_1_56' title='bbox 482 1175 656 1247; x_wconf 87' lang='lat' dir='ltr'><strong>temporum</strong></span> <span class='ocrx_word' id='word_1_57' title='bbox 682 1168 865 1237; x_wconf 84' lang='lat' dir='ltr'><strong>certamina;</strong></span> <span class='ocrx_word' id='word_1_58' title='bbox 893 1185 962 1225; x_wconf 89' lang='lat' dir='ltr'><strong>eum</strong></span> <span class='ocrx_word' id='word_1_59' title='bbox 983 1167 1034 1244; x_wconf 82' lang='lat' dir='ltr'><strong>qni</strong></span> <span class='ocrx_word' id='word_1_60' title='bbox 1056 1161 1126 1225; x_wconf 83' lang='lat' dir='ltr'><strong>nodi</strong></span> 
     </span>
    </p>
   </div>
   <div class='ocr_carea' id='block_1_4' title="bbox 95 1278 1142 3811">
    <p class='ocr_par' dir='ltr' id='par_1_4' title="bbox 97 1278 1085 1365">
     <span class='ocr_line' id='line_1_10' title="bbox 97 1278 1085 1365; baseline -0.001 -19"><span class='ocrx_word' id='word_1_61' title='bbox 97 1286 150 1346; x_wconf 81' lang='lat' dir='ltr'><strong>tate</strong></span> <span class='ocrx_word' id='word_1_62' title='bbox 170 1286 363 1356; x_wconf 88' lang='lat' dir='ltr'><strong>intricantur,</strong></span> <span class='ocrx_word' id='word_1_63' title='bbox 381 1285 444 1344; x_wconf 90' lang='lat' dir='ltr'><strong>illle</strong></span> <span class='ocrx_word' id='word_1_64' title='bbox 456 1285 520 1365; x_wconf 74' lang='lat' dir='ltr'><strong>jam</strong></span> <span class='ocrx_word' id='word_1_65' title='bbox 541 1287 572 1346; x_wconf 90' lang='lat' dir='ltr'><strong>iu</strong></span> <span class='ocrx_word' id='word_1_66' title='bbox 592 1287 744 1364; x_wconf 91' lang='lat' dir='ltr'><strong>principio</strong></span> <span class='ocrx_word' id='word_1_67' title='bbox 767 1286 834 1363; x_wconf 93' lang='lat' dir='ltr'><strong>ipso</strong></span> <span class='ocrx_word' id='word_1_68' title='bbox 852 1278 1085 1362; x_wconf 79' lang='lat' dir='ltr'><strong>sirt&#39;cxpcdttl.</strong></span> 
     </span>
    </p>

    <p class='ocr_par' dir='ltr' id='par_1_5' title="bbox 95 1400 1142 2863">
     <span class='ocr_line' id='line_1_11' title="bbox 97 1400 1129 1480; baseline 0 -20"><span class='ocrx_word' id='word_1_69' title='bbox 97 1430 102 1437; x_wconf 96' lang='lat'>·</span> <span class='ocrx_word' id='word_1_70' title='bbox 181 1400 406 1478; x_wconf 80' lang='lat' dir='ltr'><strong>Pnuiogismus,</strong></span> <span class='ocrx_word' id='word_1_71' title='bbox 428 1420 489 1480; x_wconf 92' lang='lat' dir='ltr'><strong>quo</strong></span> <span class='ocrx_word' id='word_1_72' title='bbox 511 1403 648 1462; x_wconf 81' lang='lat' dir='ltr'><strong>idearum</strong></span> <span class='ocrx_word' id='word_1_73' title='bbox 663 1404 796 1460; x_wconf 89' lang='lat' dir='ltr'><strong>omnium</strong></span> <span class='ocrx_word' id='word_1_74' title='bbox 818 1403 951 1460; x_wconf 84' lang='lat' dir='ltr'><strong>societas</strong></span> <span class='ocrx_word' id='word_1_75' title='bbox 974 1409 1004 1460; x_wconf 84' lang='lat' dir='ltr'><strong>et</strong></span> <span class='ocrx_word' id='word_1_76' title='bbox 1024 1417 1129 1477; x_wconf 81' lang='lat' dir='ltr'><strong>oequo·</strong></span> 
     </span>
     <span class='ocr_line' id='line_1_12' title="bbox 97 1515 1125 1598; baseline -0.006 -20"><span class='ocrx_word' id='word_1_77' title='bbox 97 1520 168 1578; x_wconf 89' lang='lat' dir='ltr'><strong>litas</strong></span> <span class='ocrx_word' id='word_1_78' title='bbox 193 1518 357 1589; x_wconf 77' lang='lat' dir='ltr'><strong>efficiatur,</strong></span> <span class='ocrx_word' id='word_1_79' title='bbox 379 1520 515 1598; x_wconf 81' lang='lat' dir='ltr'><strong>singulus</strong></span> <span class='ocrx_word' id='word_1_80' title='bbox 545 1519 750 1577; x_wconf 72' lang='lat' dir='ltr'><strong>conscientias</strong></span> <span class='ocrx_word' id='word_1_81' title='bbox 782 1518 829 1575; x_wconf 87' lang='lat' dir='ltr'><strong>sui</strong></span> <span class='ocrx_word' id='word_1_82' title='bbox 852 1515 917 1574; x_wconf 86' lang='lat' dir='ltr'><strong>rull</strong></span> <span class='ocrx_word' id='word_1_83' title='bbox 944 1515 1125 1585; x_wconf 80' lang='lat' dir='ltr'><strong>immolatas,</strong></span> 
     </span>
     <span class='ocr_line' id='line_1_13' title="bbox 97 1632 1126 1713; baseline -0.006 -18"><span class='ocrx_word' id='word_1_84' title='bbox 97 1634 232 1712; x_wconf 85' lang='lat' dir='ltr'><strong>ideoque</strong></span> <span class='ocrx_word' id='word_1_85' title='bbox 256 1635 285 1693; x_wconf 90' lang='lat' dir='ltr'><strong>in</strong></span> <span class='ocrx_word' id='word_1_86' title='bbox 305 1635 491 1712; x_wconf 82' lang='lat' dir='ltr'><strong>sempiterno</strong></span> <span class='ocrx_word' id='word_1_87' title='bbox 516 1635 633 1693; x_wconf 88' lang='lat' dir='ltr'><strong>renlitis</strong></span> <span class='ocrx_word' id='word_1_88' title='bbox 648 1643 740 1713; x_wconf 89' lang='lat' dir='ltr'><strong>atquc</strong></span> <span class='ocrx_word' id='word_1_89' title='bbox 764 1632 929 1693; x_wconf 85' lang='lat' dir='ltr'><strong>idealilutls</strong></span> <span class='ocrx_word' id='word_1_90' title='bbox 948 1632 1126 1711; x_wconf 87' lang='lat' dir='ltr'><strong>discrepan-</strong></span> 
     </span>
     <span class='ocr_line' id='line_1_14' title="bbox 96 1750 1126 1828; baseline -0.004 -17"><span class='ocrx_word' id='word_1_91' title='bbox 96 1752 139 1811; x_wconf 90' lang='lat' dir='ltr'><strong>tia</strong></span> <span class='ocrx_word' id='word_1_92' title='bbox 156 1758 311 1822; x_wconf 64' lang='lat' dir='ltr'><strong>versatum</strong></span> <span class='ocrx_word' id='word_1_93' title='bbox 334 1750 502 1828; x_wconf 79' lang='lat' dir='ltr'><strong>dogmatica</strong></span> <span class='ocrx_word' id='word_1_94' title='bbox 528 1763 627 1809; x_wconf 84' lang='lat' dir='ltr'><strong>nutem</strong></span> <span class='ocrx_word' id='word_1_95' title='bbox 652 1751 827 1809; x_wconf 81' lang='lat' dir='ltr'><strong>Cluistinna</strong></span> <span class='ocrx_word' id='word_1_96' title='bbox 854 1751 1004 1809; x_wconf 78' lang='lat' dir='ltr'><strong>internum</strong></span> <span class='ocrx_word' id='word_1_97' title='bbox 1035 1756 1126 1827; x_wconf 81' lang='lat' dir='ltr'><strong>atque</strong></span> 
     </span>
     <span class='ocr_line' id='line_1_15' title="bbox 96 1867 1126 1949; baseline -0.004 -21"><span class='ocrx_word' id='word_1_98' title='bbox 96 1867 252 1928; x_wconf 78' lang='lat' dir='ltr'><strong>inlinitum·</strong></span> <span class='ocrx_word' id='word_1_99' title='bbox 285 1868 510 1928; x_wconf 87' lang='lat' dir='ltr'><strong>immanentiam</strong></span> <span class='ocrx_word' id='word_1_100' title='bbox 545 1869 591 1926; x_wconf 85' lang='lat' dir='ltr'><strong>sui</strong></span> <span class='ocrx_word' id='word_1_101' title='bbox 620 1868 750 1944; x_wconf 78' lang='lat' dir='ltr'><strong>singulis</strong></span> <span class='ocrx_word' id='word_1_102' title='bbox 776 1868 975 1927; x_wconf 69' lang='lat' dir='ltr'><strong>conscientiis</strong></span> <span class='ocrx_word' id='word_1_103' title='bbox 1008 1867 1126 1949; x_wconf 80' lang='lat' dir='ltr'><strong>tniltuit,</strong></span> 
     </span>
     <span class='ocr_line' id='line_1_16' title="bbox 96 1976 1126 2065; baseline 0 -22"><span class='ocrx_word' id='word_1_104' title='bbox 96 1994 132 2045; x_wconf 91' lang='lat' dir='ltr'><strong>ut</strong></span> <span class='ocrx_word' id='word_1_105' title='bbox 157 1985 228 2044; x_wconf 84' lang='lat' dir='ltr'><strong>licet</strong></span> <span class='ocrx_word' id='word_1_106' title='bbox 248 1986 292 2045; x_wconf 81' lang='lat' dir='ltr'><strong>ari</strong></span> <span class='ocrx_word' id='word_1_107' title='bbox 313 1995 409 2046; x_wconf 75' lang='lat' dir='ltr'><strong>entra</strong></span> <span class='ocrx_word' id='word_1_108' title='bbox 426 1976 456 2064; x_wconf 81' lang='grc' dir='ltr'><strong>(ὃ</strong></span> <span class='ocrx_word' id='word_1_109' title='bbox 475 1980 533 2056; x_wconf 54' lang='grc' dir='ltr'><strong>ἔξω</strong></span> <span class='ocrx_word' id='word_1_110' title='bbox 554 1977 737 2065; x_wconf 72' lang='grc' dir='ltr'>ἄνθρωπος)</span> <span class='ocrx_word' id='word_1_111' title='bbox 760 1987 941 2055; x_wconf 84' lang='lat' dir='ltr'><strong>moriantur,</strong></span> <span class='ocrx_word' id='word_1_112' title='bbox 971 1984 1015 2043; x_wconf 83' lang='lat' dir='ltr'><strong>ud</strong></span> <span class='ocrx_word' id='word_1_113' title='bbox 1036 1987 1126 2044; x_wconf 84' lang='lat' dir='ltr'><strong>intra</strong></span> 
     </span>
     <span class='ocr_line' id='line_1_17' title="bbox 96 2092 1125 2183; baseline 0 -24"><span class='ocrx_word' id='word_1_114' title='bbox 96 2108 199 2160; x_wconf 87' lang='lat' dir='ltr'><strong>tamen</strong></span> <span class='ocrx_word' id='word_1_115' title='bbox 219 2092 252 2182; x_wconf 84' lang='lat' dir='ltr'><strong>(d</strong></span> <span class='ocrx_word' id='word_1_116' title='bbox 272 2094 332 2160; x_wconf 73' lang='grc' dir='ltr'><strong>ἴσω</strong></span> <span class='ocrx_word' id='word_1_117' title='bbox 354 2094 537 2183; x_wconf 74' lang='grc' dir='ltr'><em>ἄνθρωπος)</em></span> <span class='ocrx_word' id='word_1_118' title='bbox 558 2103 615 2161; x_wconf 87' lang='lat' dir='ltr'><strong>sibi</strong></span> <span class='ocrx_word' id='word_1_119' title='bbox 637 2103 666 2160; x_wconf 91' lang='lat' dir='ltr'><strong>ln</strong></span> <span class='ocrx_word' id='word_1_120' title='bbox 684 2109 832 2160; x_wconf 81' lang='lat' dir='ltr'><strong>mternntm</strong></span> <span class='ocrx_word' id='word_1_121' title='bbox 849 2108 1004 2162; x_wconf 86' lang='lat' dir='ltr'><strong>constent.</strong></span> <span class='ocrx_word' id='word_1_122' title='bbox 1048 2100 1125 2159; x_wconf 76' lang='lat' dir='ltr'><strong>(inm</strong></span> 
     </span>
     <span class='ocr_line' id='line_1_18' title="bbox 96 2215 1124 2296; baseline 0.001 -20"><span class='ocrx_word' id='word_1_123' title='bbox 96 2236 171 2276; x_wconf 79' lang='lat' dir='ltr'><strong>vcro</strong></span> <span class='ocrx_word' id='word_1_124' title='bbox 194 2219 236 2277; x_wconf 85' lang='lat' dir='ltr'><strong>itu</strong></span> <span class='ocrx_word' id='word_1_125' title='bbox 259 2236 365 2276; x_wconf 77' lang='lat' dir='ltr'><strong>omnies</strong></span> <span class='ocrx_word' id='word_1_126' title='bbox 388 2219 471 2277; x_wconf 89' lang='lat' dir='ltr'><strong>velut</strong></span> <span class='ocrx_word' id='word_1_127' title='bbox 492 2219 664 2278; x_wconf 80' lang='lat' dir='ltr'><strong>atomlstice</strong></span> <span class='ocrx_word' id='word_1_128' title='bbox 687 2218 834 2296; x_wconf 79' lang='lat' dir='ltr'><strong>dijnngat,</strong></span> <span class='ocrx_word' id='word_1_129' title='bbox 855 2215 1124 2296; x_wconf 73' lang='lat' dir='ltr'><strong>profundissimam</strong></span> 
     </span>
     <span class='ocr_line' id='line_1_19' title="bbox 97 2333 1128 2414; baseline 0 -20"><span class='ocrx_word' id='word_1_130' title='bbox 97 2336 215 2414; x_wconf 87' lang='lat' dir='ltr'><strong>pcccati</strong></span> <span class='ocrx_word' id='word_1_131' title='bbox 237 2344 371 2394; x_wconf 85' lang='lat' dir='ltr'><strong>naturam</strong></span> <span class='ocrx_word' id='word_1_132' title='bbox 394 2344 534 2414; x_wconf 85' lang='lat' dir='ltr'><strong>exponet,</strong></span> <span class='ocrx_word' id='word_1_133' title='bbox 553 2337 700 2396; x_wconf 82' lang='lat' dir='ltr'><strong>rationem</strong></span> <span class='ocrx_word' id='word_1_134' title='bbox 722 2338 801 2395; x_wconf 85' lang='lat' dir='ltr'><strong>inter</strong></span> <span class='ocrx_word' id='word_1_135' title='bbox 821 2334 917 2392; x_wconf 80' lang='lat' dir='ltr'><strong>licum</strong></span> <span class='ocrx_word' id='word_1_136' title='bbox 936 2340 968 2393; x_wconf 86' lang='lat' dir='ltr'><strong>et</strong></span> <span class='ocrx_word' id='word_1_137' title='bbox 988 2333 1128 2394; x_wconf 85' lang='lat' dir='ltr'><strong>homines</strong></span> 
     </span>
     <span class='ocr_line' id='line_1_20' title="bbox 96 2449 1126 2529; baseline -0.001 -19"><span class='ocrx_word' id='word_1_138' title='bbox 96 2450 262 2511; x_wconf 87' lang='lat' dir='ltr'><strong>discretam</strong></span> <span class='ocrx_word' id='word_1_139' title='bbox 285 2460 375 2529; x_wconf 87' lang='lat' dir='ltr'><strong>alque</strong></span> <span class='ocrx_word' id='word_1_140' title='bbox 391 2452 522 2512; x_wconf 84' lang='lat' dir='ltr'><strong>ethicum</strong></span> <span class='ocrx_word' id='word_1_141' title='bbox 545 2453 717 2511; x_wconf 82' lang='lat' dir='ltr'><strong>firmissime</strong></span> <span class='ocrx_word' id='word_1_142' title='bbox 737 2460 855 2523; x_wconf 87' lang='lat' dir='ltr'><strong>tenent,</strong></span> <span class='ocrx_word' id='word_1_143' title='bbox 880 2458 942 2509; x_wconf 85' lang='lat' dir='ltr'><strong>turn</strong></span> <span class='ocrx_word' id='word_1_144' title='bbox 969 2453 1060 2509; x_wconf 89' lang='lat' dir='ltr'><strong>etium</strong></span> <span class='ocrx_word' id='word_1_145' title='bbox 1088 2449 1126 2510; x_wconf 92' lang='lat' dir='ltr'><strong>ad</strong></span> 
     </span>
     <span class='ocr_line' id='line_1_21' title="bbox 96 2562 1142 2646; baseline 0.002 -20"><span class='ocrx_word' id='word_1_146' title='bbox 96 2586 200 2626; x_wconf 82' lang='lat' dir='ltr'><strong>reram</strong></span> <span class='ocrx_word' id='word_1_147' title='bbox 223 2569 356 2628; x_wconf 87' lang='lat' dir='ltr'><strong>omnium</strong></span> <span class='ocrx_word' id='word_1_148' title='bbox 390 2569 500 2628; x_wconf 79' lang='lat' dir='ltr'><strong>luorum</strong></span> <span class='ocrx_word' id='word_1_149' title='bbox 534 2571 759 2628; x_wconf 81' lang='lat' dir='ltr'><strong>irnmanenlium</strong></span> <span class='ocrx_word' id='word_1_150' title='bbox 793 2574 951 2646; x_wconf 83' lang='lat' dir='ltr'><strong>penetrat3</strong></span> <span class='ocrx_word' id='word_1_151' title='bbox 982 2562 1142 2628; x_wconf 80' lang='lat' dir='ltr'><strong>efformet</strong></span> 
     </span>
     <span class='ocr_line' id='line_1_22' title="bbox 96 2684 1124 2765; baseline 0.003 -22"><span class='ocrx_word' id='word_1_152' title='bbox 96 2688 178 2744; x_wconf 86' lang='lat' dir='ltr'><strong>enim</strong></span> <span class='ocrx_word' id='word_1_153' title='bbox 202 2684 470 2763; x_wconf 74' lang='lat' dir='ltr'><strong>profundissimam</strong></span> <span class='ocrx_word' id='word_1_154' title='bbox 492 2687 659 2758; x_wconf 77' lang='lat' dir='ltr'><strong>libertatis,</strong></span> <span class='ocrx_word' id='word_1_155' title='bbox 692 2685 908 2765; x_wconf 64' lang='lat' dir='ltr'><strong>poenitentiae,</strong></span> <span class='ocrx_word' id='word_1_156' title='bbox 937 2688 1051 2747; x_wconf 89' lang='lat' dir='ltr'><strong>amoris</strong></span> <span class='ocrx_word' id='word_1_157' title='bbox 1071 2704 1124 2747; x_wconf 93' lang='lat' dir='ltr'><strong>no-</strong></span> 
     </span>
     <span class='ocr_line' id='line_1_23' title="bbox 95 2802 222 2863; baseline -0.016 0"><span class='ocrx_word' id='word_1_158' title='bbox 95 2802 222 2863; x_wconf 87' lang='lat' dir='ltr'><strong>tionem.</strong></span> 
     </span>
    </p>

    <p class='ocr_par' dir='ltr' id='par_1_6' title="bbox 95 2918 1126 3811">
     <span class='ocr_line' id='line_1_24' title="bbox 180 2918 1124 2999; baseline 0.002 -21"><span class='ocrx_word' id='word_1_159' title='bbox 180 2918 391 2998; x_wconf 80' lang='lat' dir='ltr'><strong>Panloglsmus</strong></span> <span class='ocrx_word' id='word_1_160' title='bbox 413 2939 482 2980; x_wconf 89' lang='lat' dir='ltr'><strong>cum</strong></span> <span class='ocrx_word' id='word_1_161' title='bbox 504 2941 549 2992; x_wconf 87' lang='lat' dir='ltr'><strong>en,</strong></span> <span class='ocrx_word' id='word_1_162' title='bbox 572 2939 641 2999; x_wconf 82' lang='lat' dir='ltr'><strong>quoe</strong></span> <span class='ocrx_word' id='word_1_163' title='bbox 660 2920 788 2982; x_wconf 84' lang='lat' dir='ltr'><strong>Christo</strong></span> <span class='ocrx_word' id='word_1_164' title='bbox 809 2941 865 2981; x_wconf 85' lang='lat' dir='ltr'><strong>suo</strong></span> <span class='ocrx_word' id='word_1_165' title='bbox 893 2922 1002 2981; x_wconf 77' lang='lat' dir='ltr'><strong>tribuit</strong></span> <span class='ocrx_word' id='word_1_166' title='bbox 1024 2921 1124 2981; x_wconf 89' lang='lat' dir='ltr'><strong>eccle-</strong></span> 
     </span>
     <span class='ocr_line' id='line_1_25' title="bbox 95 3035 1126 3115; baseline 0.002 -20"><span class='ocrx_word' id='word_1_167' title='bbox 95 3035 151 3108; x_wconf 85' lang='lat' dir='ltr'><strong>sia,</strong></span> <span class='ocrx_word' id='word_1_168' title='bbox 174 3035 231 3094; x_wconf 90' lang='lat' dir='ltr'><strong>toti</strong></span> <span class='ocrx_word' id='word_1_169' title='bbox 247 3037 355 3113; x_wconf 84' lang='lat' dir='ltr'><strong>generi</strong></span> <span class='ocrx_word' id='word_1_170' title='bbox 368 3036 499 3096; x_wconf 89' lang='lat' dir='ltr'><strong>itumano</strong></span> <span class='ocrx_word' id='word_1_171' title='bbox 518 3041 630 3098; x_wconf 86' lang='lat' dir='ltr'><strong>tributu</strong></span> <span class='ocrx_word' id='word_1_172' title='bbox 643 3041 724 3110; x_wconf 79' lang='lat' dir='ltr'><strong>uelit,</strong></span> <span class='ocrx_word' id='word_1_173' title='bbox 742 3042 870 3098; x_wconf 85' lang='lat' dir='ltr'><strong>interuae</strong></span> <span class='ocrx_word' id='word_1_174' title='bbox 887 3047 977 3115; x_wconf 87' lang='lat' dir='ltr'><strong>atque</strong></span> <span class='ocrx_word' id='word_1_175' title='bbox 996 3036 1126 3097; x_wconf 82' lang='lat' dir='ltr'><strong>inlinitae</strong></span> 
     </span>
     <span class='ocr_line' id='line_1_26' title="bbox 96 3151 1124 3236; baseline 0.006 -26"><span class='ocrx_word' id='word_1_176' title='bbox 96 3151 306 3230; x_wconf 79' lang='lat' dir='ltr'><strong>plenitudinis,</strong></span> <span class='ocrx_word' id='word_1_177' title='bbox 329 3173 396 3231; x_wconf 82' lang='lat' dir='ltr'><strong>pum</strong></span> <span class='ocrx_word' id='word_1_178' title='bbox 416 3155 453 3213; x_wconf 91' lang='lat' dir='ltr'><strong>ad</strong></span> <span class='ocrx_word' id='word_1_179' title='bbox 475 3158 695 3216; x_wconf 80' lang='lat' dir='ltr'><strong>conscientiam</strong></span> <span class='ocrx_word' id='word_1_180' title='bbox 719 3159 765 3216; x_wconf 88' lang='lat' dir='ltr'><strong>sui</strong></span> <span class='ocrx_word' id='word_1_181' title='bbox 787 3157 945 3217; x_wconf 78' lang='lat' dir='ltr'><strong>hilmanam</strong></span> <span class='ocrx_word' id='word_1_182' title='bbox 978 3158 1124 3236; x_wconf 83' lang='lat' dir='ltr'><strong>pertinet,</strong></span> 
     </span>
     <span class='ocr_line' id='line_1_27' title="bbox 96 3263 1124 3353; baseline 0.009 -28"><span class='ocrx_word' id='word_1_183' title='bbox 96 3268 135 3326; x_wconf 81' lang='lat' dir='ltr'><strong>alo</strong></span> <span class='ocrx_word' id='word_1_184' title='bbox 158 3267 254 3329; x_wconf 87' lang='lat' dir='ltr'><strong>ultera</strong></span> <span class='ocrx_word' id='word_1_185' title='bbox 277 3278 375 3349; x_wconf 91' lang='lat' dir='ltr'><strong>parte,</strong></span> <span class='ocrx_word' id='word_1_186' title='bbox 397 3281 428 3330; x_wconf 89' lang='lat' dir='ltr'><strong>ct</strong></span> <span class='ocrx_word' id='word_1_187' title='bbox 446 3275 572 3332; x_wconf 85' lang='lat' dir='ltr'><strong>rationis</strong></span> <span class='ocrx_word' id='word_1_188' title='bbox 597 3277 776 3353; x_wconf 81' lang='lat' dir='ltr'><strong>reciprocae,</strong></span> <span class='ocrx_word' id='word_1_189' title='bbox 792 3292 858 3352; x_wconf 83' lang='lat' dir='ltr'><strong>qnoe</strong></span> <span class='ocrx_word' id='word_1_190' title='bbox 874 3283 921 3333; x_wconf 87' lang='lat' dir='ltr'><strong>cst</strong></span> <span class='ocrx_word' id='word_1_191' title='bbox 937 3263 1021 3334; x_wconf 70' lang='lat' dir='ltr'><strong>inici</strong></span> <span class='ocrx_word' id='word_1_192' title='bbox 1033 3274 1124 3335; x_wconf 82' lang='lat' dir='ltr'><strong>Chri-</strong></span> 
     </span>
     <span class='ocr_line' id='line_1_28' title="bbox 96 3387 1125 3468; baseline 0.008 -25"><span class='ocrx_word' id='word_1_193' title='bbox 96 3390 176 3444; x_wconf 81' lang='lat' dir='ltr'><strong>otnm</strong></span> <span class='ocrx_word' id='word_1_194' title='bbox 223 3396 254 3446; x_wconf 87' lang='lat' dir='ltr'><strong>et</strong></span> <span class='ocrx_word' id='word_1_195' title='bbox 291 3387 440 3468; x_wconf 88' lang='lat' dir='ltr'><strong>Spiritum</strong></span> <span class='ocrx_word' id='word_1_196' title='bbox 477 3389 620 3450; x_wconf 80' lang='lat' dir='ltr'><strong>Sanctum</strong></span> <span class='ocrx_word' id='word_1_197' title='bbox 664 3392 700 3450; x_wconf 89' lang='lat' dir='ltr'><strong>ab</strong></span> <span class='ocrx_word' id='word_1_198' title='bbox 741 3391 836 3452; x_wconf 85' lang='lat' dir='ltr'><strong>alteru</strong></span> <span class='ocrx_word' id='word_1_199' title='bbox 879 3392 1007 3465; x_wconf 86' lang='lat' dir='ltr'><strong>obiitus,</strong></span> <span class='ocrx_word' id='word_1_200' title='bbox 1061 3411 1125 3452; x_wconf 91' lang='lat' dir='ltr'><strong>mo-</strong></span> 
     </span>
     <span class='ocr_line' id='line_1_29' title="bbox 96 3505 1124 3588; baseline 0.012 -27"><span class='ocrx_word' id='word_1_201' title='bbox 96 3513 200 3563; x_wconf 87' lang='lat' dir='ltr'><strong>mentu</strong></span> <span class='ocrx_word' id='word_1_202' title='bbox 228 3505 355 3564; x_wconf 83' lang='lat' dir='ltr'><strong>renliter</strong></span> <span class='ocrx_word' id='word_1_203' title='bbox 382 3508 522 3584; x_wconf 85' lang='lat' dir='ltr'><strong>opposita</strong></span> <span class='ocrx_word' id='word_1_204' title='bbox 552 3510 663 3568; x_wconf 86' lang='lat' dir='ltr'><strong>misere</strong></span> <span class='ocrx_word' id='word_1_205' title='bbox 683 3508 855 3582; x_wconf 80' lang='lat' dir='ltr'><strong>contundit,</strong></span> <span class='ocrx_word' id='word_1_206' title='bbox 880 3511 945 3588; x_wconf 88' lang='lat' dir='ltr'><strong>ipse</strong></span> <span class='ocrx_word' id='word_1_207' title='bbox 969 3509 1124 3572; x_wconf 81' lang='lat' dir='ltr'><strong>confusus.</strong></span> 
     </span>
     <span class='ocr_line' id='line_1_30' title="bbox 98 3618 1124 3706; baseline 0.001 -27"><span class='ocrx_word' id='word_1_208' title='bbox 98 3618 273 3698; x_wconf 76' lang='lat' dir='ltr'><strong>dogmatica</strong></span> <span class='ocrx_word' id='word_1_209' title='bbox 299 3631 400 3683; x_wconf 85' lang='lat' dir='ltr'><strong>nutem</strong></span> <span class='ocrx_word' id='word_1_210' title='bbox 428 3622 601 3685; x_wconf 76' lang='lat' dir='ltr'><strong>Christiano</strong></span> <span class='ocrx_word' id='word_1_211' title='bbox 638 3646 706 3684; x_wconf 91' lang='lat' dir='ltr'><strong>cum</strong></span> <span class='ocrx_word' id='word_1_212' title='bbox 737 3627 992 3706; x_wconf 78' lang='lat' dir='ltr'><strong>pen-lectissimam</strong></span> <span class='ocrx_word' id='word_1_213' title='bbox 1032 3632 1124 3700; x_wconf 82' lang='lat' dir='ltr'><strong>alque</strong></span> 
     </span>
     <span class='ocr_line' id='line_1_31' title="bbox 96 3735 1125 3811; baseline 0.006 -17"><span class='ocrx_word' id='word_1_214' title='bbox 96 3735 261 3799; x_wconf 80' lang='lat' dir='ltr'><strong>absolutam</strong></span> <span class='ocrx_word' id='word_1_215' title='bbox 282 3739 338 3799; x_wconf 76' lang='lat' dir='ltr'><strong>oet</strong></span> <span class='ocrx_word' id='word_1_216' title='bbox 361 3745 394 3798; x_wconf 87' lang='lat' dir='ltr'><strong>et</strong></span> <span class='ocrx_word' id='word_1_217' title='bbox 413 3738 545 3802; x_wconf 82' lang='lat' dir='ltr'><strong>hominis</strong></span> <span class='ocrx_word' id='word_1_218' title='bbox 562 3743 755 3805; x_wconf 87' lang='lat' dir='ltr'><strong>identitatem</strong></span> <span class='ocrx_word' id='word_1_219' title='bbox 780 3743 906 3805; x_wconf 80' lang='lat' dir='ltr'><strong>Olnristo</strong></span> <span class='ocrx_word' id='word_1_220' title='bbox 923 3761 980 3802; x_wconf 88' lang='lat' dir='ltr'><strong>suo</strong></span> <span class='ocrx_word' id='word_1_221' title='bbox 999 3740 1125 3811; x_wconf 85' lang='lat' dir='ltr'><strong>tribunt,</strong></span> 
     </span>
    </p>
   </div>
   <div class='ocr_carea' id='block_1_5' title="bbox 0 0 1234 4178">
    <p class='ocr_par' dir='ltr' id='par_1_7' title="bbox 0 0 1234 4178">
     <span class='ocr_line' id='line_1_32' title="bbox 0 0 1234 4178; baseline 0 0"><span class='ocrx_word' id='word_1_222' title='bbox 0 0 1234 4178; x_wconf 95' lang='lat' dir='ltr'><strong> </strong></span> 
     </span>
    </p>
   </div>
  </div>
 </body>
</html>
