2460 4178
559 155 610 223 87

146 355 205 436 Qui
223 377 297 420 raro
318 363 565 436 observaverint,
586 363 684 442 ipsam
716 363 849 424 hominis
873 373 981 426 contra
1010 367 1096 446 obje-

60 481 145 536 ctant
166 479 305 538 veritatis
324 481 556 557 repugnantiam
571 486 677 538 ustura
696 479 809 558 objecti
831 483 989 541 terminari
1001 489 1094 561 atque

61 593 255 669 modificari,
283 595 455 655 concedent
489 597 579 655 etiarn
609 595 699 654 aiiter
726 595 940 656 crudelitatem
974 598 1095 659 Massa·

62 713 134 772 iinae
167 719 200 771 et
232 712 409 791 Agrippina
444 714 534 772 aiiter
565 711 782 790 Fredegundae
815 718 847 770 et
881 713 1092 786 Bronehiidia,

60 827 151 888 aiitar
169 827 303 905 denique
326 827 506 887 Theodorus
527 836 558 886 et
582 827 761 888 Mariuaciae
785 846 855 887 esse
876 839 1092 909 comparatam.

62 945 130 1006 Atia
151 952 216 1004 arat
245 944 407 1005 obduratio
432 942 627 1016 Judaeorum,
656 944 707 1022 qui
735 941 892 1004 Christum
924 965 1092 1026 perseque-

59 1067 187 1135 bantur,
218 1061 278 1122 aiia
300 1071 416 1135 autem,
440 1081 509 1122 curn
534 1063 693 1121 immutata
715 1065 801 1119 esset
820 1062 959 1122 veritatis
984 1063 1090 1138 facies,

61 1178 303 1253 Catholicorum,
324 1181 376 1259 qui
398 1149 536 1239 Lutirero
558 1176 788 1237 maledicebant.

62 1330 66 1360 :
145 1298 188 1358 Ut
215 1298 247 1356 in
275 1297 402 1373 regione
428 1295 565 1355 sensuali
594 1295 713 1354 duobus
743 1295 858 1354 utimur
878 1295 994 1371 ocutis,
1022 1316 1091 1360 csru

59 1416 143 1477 idam
165 1421 266 1474 tamon
286 1418 430 1490 puuctum
453 1412 542 1470 aruba
567 1411 657 1471 simui
679 1411 842 1488 aspiciant,
870 1420 914 1484 ut,
934 1412 1007 1472 iicet
1029 1413 1091 1474 duo

61 1534 136 1606 sint,
166 1549 258 1590 unum
292 1529 392 1588 solum
421 1527 567 1599 eiiiccre,
601 1525 663 1585 dici
690 1526 827 1604 possint:
859 1527 902 1588 ita
930 1530 967 1589 ab
996 1531 1091 1592 attera

59 1657 149 1730 parte
175 1665 253 1706 unus
286 1645 384 1704 solum
414 1644 509 1703 menti
543 1643 690 1720 cogitanti
719 1646 826 1705 oculus
851 1645 1014 1718 tribuitur,
1034 1647 1090 1704 sed

61 1767 115 1846 qui
138 1765 200 1825 duo
226 1769 338 1842 puncta
366 1760 456 1820 simui
485 1760 644 1838 respiciat,
680 1768 714 1822 ut
741 1761 871 1823 duorum
900 1761 995 1822 instar
1021 1781 1091 1823 ease

60 1883 214 1944 videatur.
854 1857 855 1860 Ἴ

146 1996 276 2075 Quando
298 1995 379 2054 enim
397 1989 442 2054 ad'
457 1995 653 2072 cogitandum
675 1996 887 2074 aggredimur,
913 2012 1039 2073 semper
1058 1997 1091 2055 iu

59 2117 232 2177 realitateru
271 2111 446 2172 immediate
483 2115 570 2174 nobis
605 2115 734 2185 obviam,
768 2114 858 2192 cujus
897 2113 1090 2191 negationem

60 2233 209 2311 cogitatio
227 2231 349 2308 quaerit,
373 2228 557 2302 incidimus3
579 2250 674 2310 quere
689 2248 775 2288 mens
791 2229 953 2306 cogitantis
965 2245 1090 2306 semper

60 2351 160 2411 aitero
181 2350 270 2408 ocuio
292 2345 516 2424 pienitudiucm
544 2347 705 2426 positivam
726 2349 831 2418 tenet,
865 2344 997 2404 aiterum
1015 2359 1090 2402 vero

58 2469 93 2527 in
112 2463 368 2542 simplicissimum
392 2463 564 2523 existentiae
587 2464 655 2543 ejus
678 2469 866 2523 momentum
890 2459 1007 2537 dirigit.
1042 2459 1089 2518 Eis

58 2583 205 2642 distantia
237 2580 341 2658 puncti
378 2579 507 2639 initialis
542 2599 559 2639 a
598 2579 791 2657 plenitudine
827 2574 911 2637 iiuaii
950 2573 1088 2632 eflicitur

60 2696 268 2758 contradictio
289 2695 547 2768 fundamentalis,
579 2696 660 2755 uude
694 2713 801 2755 omnes
827 2691 1089 2754 contradictiones

59 2813 171 2875 mediae
193 2812 352 2886 oriuntur3
386 2817 422 2870 ut
449 2813 548 2872 omnis
577 2814 705 2873 scientia
732 2812 792 2871 hoo
817 2829 910 2871 seusu
932 2809 1087 2887 hypothe-

60 2930 123 2991 tica
141 2929 203 2989 dici
220 2931 328 3007 possit.

144 3048 221 3124 Quae
232 3047 259 3106 si
274 3052 360 3105 recte
372 3046 527 3124 disputata
538 3053 620 3118 suut,
633 3045 824 3104 contendere
840 3045 925 3114 iicet,
942 3059 1090 3100 summam

60 3165 201 3227 methodi
219 3163 422 3243 quaestionem
447 3164 478 3222 iu
508 3179 545 3220 eo
569 3179 641 3219 esse
663 3159 887 3230 collocandam,
913 3164 947 3216 ut
968 3131 1090 3219 coutra-

61 3283 159 3342 diotio
176 3277 396 3341 fuudmeutaiis
413 3279 444 3338 in
465 3294 646 3354 unaquaque
669 3276 843 3336 existentiae
863 3276 991 3354 regione
1014 3277 1090 3335 satis

59 3399 235 3478 detegatur.
273 3395 429 3455 Differunt
448 3396 530 3455 enim
552 3392 602 3452 hae
626 3389 888 3454 contradictiones
910 3411 967 3471 pro
987 3392 1090 3452 diver-

60 3522 125 3575 tata
145 3499 295 3575 realitatis
314 3511 465 3588 positivae,
488 3529 505 3569 a
526 3530 584 3588 qna
605 3510 746 3589 neganda
765 3511 886 3570 initium
908 3511 972 3571 fiat.

142 3630 278 3690 Primum
304 3625 380 3684 iilud
402 3627 576 3703 positivum,
593 3625 676 3686 uude
700 3624 889 3706 egredimur,
911 3626 985 3704 quid
1007 3626 1109 3686 aiiud'

61 3754 110 3808 est
122 3745 181 3806 uisi
203 3749 307 3802 nostra
318 3741 417 3815 uestri
432 3743 620 3804 couscientia
638 3742 781 3804 realitate
795 3743 950 3822 ‘objectiva
972 3741 1088 3811 innisa;

324 3812 512 3934 fl

1145 3892 1164 3933 ι’
