2460 4178
570 84 621 152 no

85 312 154 370 qne
187 292 352 351 intercedit
388 292 469 350 inter
505 291 677 349 libertatem
709 290 865 349 creatoris
886 301 925 351 ‘et
959 299 1114 365 creatore,
1163 290 1165 363 ἓ

86 428 153 467 oum
181 408 274 469 linitis
296 409 424 467 rinenlis
448 408 594 486 restringi
612 426 646 464 se
672 407 919 485 usurpantur,
944 416 978 468 ut
994 409 1113 468 libertos

84 535 190 586 orento
212 526 343 604 spatium
371 522 564 582 deliberandi
593 522 767 600 agendique
791 521 916 583 nabent.
969 525 1114 601 Quemad-

88 640 211 702 morinru
237 659 310 700 roro
331 639 506 698 immediata
527 640 687 718 utriusque
710 640 851 716 regulet
877 643 1115 719 supranaturnlis

88 768 120 817 rt
147 758 294 817 rnatnralis
328 755 472 816 identitas
505 757 695 834 coneipitur,
731 757 773 816 ila
803 754 968 818 diversitas
1000 775 1116 838 quoque

89 877 248 952 utriusque
284 880 440 953 appareat,
468 890 597 931 neeesse
620 877 679 930 est.
729 872 773 932 Ui
800 875 882 933 euim
910 874 1044 934 illatoris
1066 874 1116 934 liei

88 993 128 1051 ait
148 1011 250 1060 saera,
279 991 362 1048 Deus
391 988 551 1047 lrabernlns
578 996 788 1060 erimarias,
816 999 851 1049 ut
877 997 1005 1050 sanetus
1031 1007 1117 1068 agno·

89 1114 194 1167 soatur
225 1107 324 1176 Deus,
357 1107 475 1184 ingenii
504 1107 666 1184 majestate
695 1124 789 1184 supra
816 1113 957 1166 staturam
988 1113 1118 1165 orealarn

66 1252 77 1308 j
91 1224 271 1283 evehendus
292 1229 349 1280 est.
394 1221 480 1280 Hunc
503 1229 604 1281 anilem
627 1222 861 1301 discrepantiam
891 1223 1023 1283 lrialoria
1040 1238 1120 1280 moro

91 1344 133 1400 ito
153 1347 304 1408 removet,
326 1344 361 1396 nt
380 1334 416 1396 ad
438 1338 604 1397 discrimen
629 1339 767 1399 locorum
788 1350 819 1399 ei
843 1347 1020 1418 lempnrum
1038 1354 1121 1396 roro-

90 1466 190 1518 oetur.
243 1455 407 1516 Nonnullis
435 1454 530 1531 igitur
559 1456 636 1515 loeis
664 1456 818 1516 nonnullis
845 1455 1040 1534 lemporilmn
1065 1454 1122 1512 vita

91 1572 253 1646 mundana,
275 1580 309 1633 nt
331 1574 373 1631 ita
397 1571 513 1644 dicam,
535 1591 552 1632 a
573 1573 634 1631 vilo
657 1573 758 1632 ‹livina
781 1572 936 1650 discrepat
954 1576 989 1628 et
1009 1567 1122 1629 divulsa

91 1699 237 1770 apparel,
258 1690 326 1750 aliis
346 1698 447 1748 aulem
473 1691 548 1749 loeis
578 1691 831 1768 temporibusque
852 1666 1033 1748 immediate
1054 1703 1123 1764 pro-

93 1807 139 1867 dit
162 1806 384 1866 reconciliatio.
432 1807 535 1883 Atque
560 1807 740 1866 irino-nullu
765 1780 1135 1891 molesto—diaerepaniin

93 1925 176 1983 inter
209 1921 368 1998 empiriom
402 1923 556 1999 unlgarem
593 1932 624 1982 et
653 1923 870 2001 speculativam
901 1921 976 1980 oriri
1008 1926 1123 1999 poleot3

95 2058 162 2098 nom
183 2041 214 2098 in
244 2039 373 2116 regione
394 2039 535 2097 sensibus
558 2039 697 2118 surbjeotu
729 2047 850 2098 nutura·
875 2022 1123 2116 supranaturale'o

95 2156 193 2217 oculis
215 2156 287 2215 lirlei
310 2156 422 2233 ubique
444 2157 614 2227 iutuemur3
637 2174 768 2234 eumque
784 2138 903 2216 alliorie
923 2152 1123 2214 rerumorrli-

95 2276 142 2334 nis
167 2244 340 2334 interventu
356 2275 407 2333 hio
425 2281 531 2334 noster
545 2274 659 2351 saepius
676 2274 928 2350 interrumpetur,
945 2270 1123 2330 intellectus

96 2388 228 2466 vulgaris
244 2389 362 2466 absque
376 2391 457 2447 omni
472 2388 604 2446 tumultu
624 2389 824 2467 speculativo,
841 2386 964 2466 quaudo
977 2385 1124 2464 mysteria

96 2514 259 2586 apparent,
287 2507 318 2566 in
347 2487 550 2584 captivitatem
577 2506 727 2576 mittitur3
755 2503 877 2584 qruando
907 2511 1008 2564 aulem
1043 2499 1124 2562 redit

97 2593 175 2681 oraio
196 2623 343 2681 naturalis
364 2623 578 2683 auctoritatem
599 2625 739 2683 amissam
760 2640 830 2681 mox
851 2626 1028 2700 recnperat.
1064 2618 1123 2679 Uni

97 2737 246 2797 revelatio
268 2745 330 2808 eat,
350 2737 536 2817 ibirsemper
560 2739 714 2819 ejusmodi
741 2742 819 2798 ratio
848 2737 983 2816 regionis
1012 2737 1126 2796 utrius-

99 2874 159 2935 que
181 2861 283 2913 mutua
304 2853 436 2924 oooedit3
460 2873 553 2932 quare
568 2857 604 2914 >in
632 2857 822 2915 revelatione
843 2853 981 2915 absoluta
1003 2855 1023 2913 i.
1040 2873 1070 2913 e.
1092 2854 1124 2912 in

99 2973 250 3053 religione
280 2969 453 3030 Christiana
487 2972 731 3031 luculentissime
768 2979 905 3049 opponet.
965 2969 1123 3029 Christum

99 3092 191 3162 euim,
209 3091 248 3148 ale
267 3090 353 3169 cuijus
372 3088 563 3167 opinaritione
584 3089 772 3165 euangelista
788 3087 910 3146 solenni
925 3084 1018 3143 monn
1030 3090 1126 3142 testa·

101 3215 165 3265 lur:
187 3203 251 3264 Καὶ
273 3198 288 3266 ὃ
309 3198 397 3285 λόγος
417 3200 495 3285 σὰρξ
518 3199 633 3282 ἐγένετο
654 3202 717 3278 (καὶ
732 3195 901 3281 ἐσκήνωσεν
920 3199 951 3262 ἓν
968 3192 1053 3279 ἡμῖν,
1076 3196 1125 3259 καὶ

99 3313 299 3398 ἐθεασάμεθα
314 3316 371 3398 τὴν
384 3313 476 3390 δόξαν
489 3313 578 3392 ἀυτεῖ,
597 3313 693 3391 δόξαν
707 3313 749 3391 ὡς
760 3319 943 3399 μονογενοῦς
962 3286 1052 3398 mouri
1069 3337 1125 3375 ποι·

99 3432 201 3517 unic),
221 3428 342 3516 πλήρης
350 3428 477 3517 χάριτος
498 3433 548 3494 καὶ
564 3431 722 3514 ἀληθείας,
742 3455 809 3495 cum
823 3434 954 3513 apostoli
967 3433 1126 3493 viderent:

100 3558 165 3610 turn
187 3571 260 3610 sane
284 3571 384 3630 neque
412 3553 547 3629 speeiem
575 3556 673 3612 solnm
700 3553 874 3612 sensualem
900 3567 999 3627 neque
1029 3549 1127 3608 lrleam

43 3667 251 3872 [rostrante
272 3668 474 3746 spiritualem,
496 3666 551 3726 seul
575 3668 780 3744 plenissimam
801 3668 913 3728 ‹iivlnae
935 3673 967 3726 et
986 3665 1128 3726 humone
