2460 4178
573 96 648 167 lto

99 307 215 361 tantum
242 301 347 383 obusti,
373 311 406 365 ιιι
427 302 500 364 iuda
528 303 723 364 disturbetur
749 303 886 362 idearum
911 304 1132 383 aequstitustt

98 417 243 489 identitas
264 422 410 492 omnium,
431 426 545 479 uicum
566 422 708 498 corporis
722 421 858 480 membra
872 416 969 500 'capiti
986 423 1132 498 organice

98 536 289 607 adhaereant,
297 537 432 597 totalitas
446 537 516 596 vite
529 555 585 614 per
601 555 692 596 ιιιιιιιιι
704 537 742 596 ad
755 554 862 595 omnes
871 537 1043 614 perveniat.
1057 536 1131 596 Pam

98 653 245 729 togismus
262 650 396 730 denique
408 670 477 713 oum
495 652 690 716 mediationis
706 630 878 711 orationem
896 671 1019 730 semper
1032 655 1065 712 iu
1078 671 1131 712 ors

98 771 191 845 torst,
213 789 315 829 veram
329 776 421 847 atque
437 770 550 829 realem
565 771 741 845 systematis
755 769 891 840 cosmici,
912 775 947 828 ut
963 769 1006 828 ita
1021 769 1131 842 dicam,

98 887 312 947 mediationem
335 890 488 965 ignorans,
511 861 607 943 totam
631 884 854 962 progrediendi
878 887 1027 944 rstionem
1052 904 1132 944 seru·
1175 940 1177 955 ,

98 1023 153 1083 per
174 1021 282 1080 reapse
304 1002 432 1062 earrdem
456 1002 565 1072 fuisse,
588 1003 675 1079 quasi
697 1020 732 1061 eu
753 1000 862 1060 relatio
883 1002 965 1059 inter
984 1002 1132 1060 mundum
1175 988 1177 1032 2

97 1129 127 1180 et
152 1121 258 1192 deoru,
280 1121 362 1178 iuter
381 1127 516 1178 naturam
530 1127 561 1176 et
573 1120 713 1196 spiritum
731 1118 943 1195 subjectivum,
965 1119 1014 1176 cui
1027 1126 1133 1179 trustra

96 1245 171 1296 aetus
190 1237 337 1295 aristricta
352 1237 403 1307 sit,
424 1253 499 1294 vere
509 1243 593 1293 esset
613 1235 812 1312 sempiterna,
836 1251 905 1292 cum
925 1241 1027 1294 tamen
1040 1234 1132 1294 simui

97 1353 266 1431 promittat,
289 1360 451 1410 venturum
474 1369 544 1409 esse
567 1359 698 1429 tempus,
719 1367 779 1427 quo
809 1351 936 1428 spiritus
966 1359 999 1410 et
1024 1357 1134 1409 uaturr

96 1487 130 1530 ru
154 1478 260 1528 mutuo
281 1469 401 1528 infinite
424 1475 599 1545 penetrent.
644 1467 819 1544 Dogmutica
838 1473 940 1527 autem
956 1465 1135 1526 Christiana

97 1585 171 1645 iicet
193 1604 230 1645 ex
251 1603 322 1644 vera
345 1585 510 1644 identitate
533 1585 698 1644 voluntatis
718 1583 830 1643 divinae
851 1593 882 1643 et
896 1592 1014 1643 naturae
1029 1583 1135 1660 legum

97 1700 307 1779 metaphysica
329 1703 519 1780 egrediatur,
538 1702 756 1759 mediationem
776 1700 957 1778 objectiram
971 1703 1012 1760 ita
1027 1699 1136 1771 docet,

97 1826 146 1889 ut,
176 1835 243 1876 cum
274 1827 382 1878 natura
406 1820 532 1898 spiritus
560 1817 720 1894 subjectiri
748 1817 981 1878 fundamentum
1002 1817 1136 1891 eiiiciat,

97 1911 179 1992 beda
202 1935 293 1994 etiam
314 1936 476 2014 objectivis
499 1935 739 1994 naturaefornrir
753 1933 837 1993 ideas
861 1955 931 1995 suas
944 1934 1135 2010 adstringat3

96 2070 226 2128 cumque
257 2070 314 2131 per
352 2061 511 2130 peceatum
551 2053 712 2112 obscurata
745 2062 828 2111 esset
864 2052 1053 2112 conscientia
1086 2052 1137 2109 sui

96 2168 237 2239 humano,
262 2177 294 2229 et
308 2179 500 2229 momentum
523 2168 706 2229 mundanum
726 2178 820 2248 atque
832 2170 993 2248 profanum
1010 2167 1137 2227 ratione

96 2287 229 2364 solivaga
249 2286 442 2347 efformatum
465 2287 612 2361 singulari
635 2288 726 2346 etiam
757 2288 848 2347 modo
882 2296 1019 2345 naturam
1050 2303 1137 2362 prae-

96 2403 194 2460 sentia
217 2420 271 2460 sua
297 2403 450 2472 illustret,
484 2407 518 2459 ut
547 2403 716 2462 realissima
749 2404 979 2482 gubernationis
1008 2401 1137 2458 univer-

96 2489 230 2579 mim
256 2521 454 2580 revetationis
493 2519 735 2596 supranaturaiis
767 2521 929 2578 diversitos
969 2519 1006 2577 ad
1044 2526 1136 2579 extra

96 2643 218 2712 uergat,
240 2645 333 2713 atque
351 2637 393 2695 ita
412 2637 569 2694 verissima
599 2637 653 2694 Dei
678 2636 918 2696 accommodatio
947 2633 984 2694 ad
1009 2637 1135 2697 diversa

96 2760 271 2829 temporum
295 2729 654 2828 hominumqueiugenia
677 2753 867 2811 ostendatur.

179 2869 271 2927 Ratio
303 2868 433 2927 bumana
463 2886 522 2926 non
548 2868 626 2946 fugit
651 2869 706 2928 has
736 2869 945 2945 oppositiones
967 2869 1069 2928 restes
1101 2879 1136 2930 et

96 2986 360 3045 contrudictiones
382 2983 647 3064 fundamentales3
675 2986 814 3062 agnoscit
837 2986 929 3056 enim,
947 3004 999 3045 eas
1022 3004 1134 3047 omnes

94 3100 131 3162 ad
156 3122 192 3162 se
216 3105 383 3181 pertinere.
417 3102 679 3177 Quemadmodum
697 3104 871 3180 regenerati
886 3102 1031 3175 hominis,
1055 3103 1134 3164 iicet

95 3220 232 3279 absoluta
245 3222 313 3279 vitae
331 3219 558 3279 transformatio
578 3221 805 3290 intercesserit,
830 3220 911 3278 idem
925 3222 1000 3299 Ego
1017 3231 1133 3297 manet,

95 3338 137 3394 ita
160 3346 312 3396 momentu
336 3337 497 3414 opposita,
519 3356 587 3414 quoe
609 3338 760 3395 rationem
783 3344 944 3414 perretrunt
965 3345 1075 3415 atque,
1098 3345 1134 3399 ut

94 3454 136 3511 ita
164 3452 280 3523 dicam,
307 3455 479 3526 dissecant,
510 3463 624 3514 tantum
642 3455 744 3527 abest,
777 3462 812 3512 ut
838 3455 1032 3514 identitatem
1062 3457 1133 3534 ejus

50 3653 53 3660 A
94 3568 221 3641 toiiant,
249 3575 299 3641 ut,
321 3590 381 3648 qun
404 3575 500 3648 magis
530 3575 559 3631 iu
593 3590 644 3631 eas
677 3572 892 3650 immergatur,
916 3590 1030 3649 easque
1059 3592 1132 3635 suas

95 3684 202 3757 faciut,
232 3704 269 3745 eo
292 3688 401 3747 metius
423 3688 700 3746 corrtradietionem
724 3686 844 3746 doloris
872 3697 998 3766 superet
1025 3696 1058 3750 et
1080 3711 1131 3750 re-
