2460 4178
77 313 80 318 '
188 304 262 365 lude
293 318 348 378 per
381 311 503 356 omnem
532 294 720 372 theologiam
747 290 967 371 speculativam
994 291 1136 353 stimulus

106 422 285 486 dialecticus
309 414 426 494 poilgli·

190 537 274 598 Nihil
296 532 391 610 igitur
413 528 489 587 facit
518 526 556 586 ad
581 525 796 585 lascessitatena
817 521 1011 585 dialectiea·
1034 544 1137 586 mmo-

107 657 251 725 vendam,
284 648 365 728 quod
395 646 476 706 Deus
501 650 537 702 ut
565 645 692 704 libertas
721 641 861 701 absoluta
880 642 1055 720 cogitatur,
1085 645 1137 705 nbi

107 778 188 837 enlm
208 774 334 831 libertas
347 770 405 836 est,
431 761 581 821 libertatis
593 777 687 836 opera
701 756 810 816 abesse
826 775 887 816 uon
902 751 1046 836 possunt.
1076 759 1136 821 aad

108 889 331 953 observandum
350 887 415 952 est,
435 880 492 938 bac
514 876 646 937 notionis
672 876 855 934 necessitate
882 874 1060 936 libertatem
1083 877 1138 938 bel

108 997 276 1058 absolutam
313 1011 373 1055 uon
409 995 568 1072 abrogari3
607 993 740 1051 circulos
775 992 856 1050 enim
890 989 942 1051 bic
977 1007 1046 1053 estc
1083 1014 1141 1074 per

108 1113 213 1173 mundi
241 1115 432 1190 negationem
455 1112 494 1171 ad
516 1111 706 1180 libertatem,
732 1107 815 1166 uude
834 1108 982 1185 originem
1003 1109 1139 1183 duxerit,

109 1229 302 1306 cogitandam
331 1231 544 1309 pervenimus,
571 1245 666 1304 quare
690 1232 724 1283 ut
751 1225 835 1284 raotio
862 1222 954 1303 bujus
987 1228 1141 1288 libertatis

110 1345 320 1418 exhauriatur,
341 1345 379 1405 ad
398 1344 594 1405 existentiam
615 1341 720 1402 muudi
748 1342 786 1400 ab
813 1360 850 1401 ea
878 1348 982 1402 creata
1005 1343 1142 1405 redeuu-

110 1463 182 1522 dum
204 1468 268 1535 est;
299 1463 442 1541 quamdiu
472 1462 567 1540 igitur
592 1461 623 1519 in
646 1456 852 1536 explicatione
873 1457 1025 1519 libertatis
1051 1461 1142 1521 abso·

111 1580 183 1640 lutae
209 1579 265 1640 sed
294 1598 351 1659 per
383 1597 418 1638 se
449 1583 598 1656 spectatae
626 1593 800 1646 versamur,
830 1592 954 1653 semper
975 1577 1062 1636 nisus
1088 1577 1141 1637 ille

110 1696 290 1758 dialecticus
315 1694 398 1754 ultro
420 1693 640 1772 progrediendi
667 1691 765 1752 adest.
815 1689 887 1750 Pari
915 1691 1011 1770 igitur
1033 1710 1142 1753 neces·

111 1813 202 1870 sitate
221 1809 391 1880 dialectica,
416 1828 474 1888 qua
494 1813 594 1882 ratio,
613 1815 648 1868 ut
664 1809 743 1868 ratio
764 1809 815 1880 sit,
831 1811 990 1889 sequelam
1020 1810 1143 1886 quaerit,

112 1927 224 2004 quaerit
242 1927 334 1986 etiam
355 1925 490 1998 libertas,
513 1946 573 2004 quo
595 1928 636 1986 rit
657 1925 810 1996 absoluta,
833 1925 987 1985 mundum.
1030 1926 1142 2006 Neque

112 2044 200 2102 aliter
220 2044 303 2102 utin
327 2041 539 2121 specialiorem
561 2043 700 2102 historiae
723 2049 840 2118 partem
863 2049 1062 2115 transeamus,
1090 2062 1143 2104 ιιι

112 2161 224 2240 agitur.
269 2160 377 2222 Omnia
398 2179 467 2239 quae
491 2168 632 2240 tempore
663 2161 889 2238 permutatim,
912 2179 1000 2238 quarn
1023 2159 1142 2234 dicunt,

112 2279 266 2337 rationem
297 2278 382 2336 inter
404 2272 603 2338 Germaniam
622 2284 654 2336 et
675 2277 802 2348 ltaliam,
829 2277 912 2336 inter
934 2277 1092 2355 politicam
1113 2284 1146 2338 et

113 2393 354 2454 ecclesiasticam
376 2395 561 2470 potestate'm
580 2391 760 2470 discribent‚
780 2399 814 2452 ut
833 2391 1054 2472 comprehendi
1070 2411 1144 2472 poa·

113 2512 186 2586 sint,
209 2529 266 2587 per
289 2509 472 2570 totalitatem
494 2509 572 2590 (cfr.
595 2507 615 2588 ἓ
636 2505 673 2583 4)
695 2528 797 2568 rerum
820 2511 851 2568 in
866 2509 949 2570 facto
973 2511 1144 2588 positarum

113 2625 150 2686 ad
173 2625 429 2702 simplicissimam
452 2625 596 2704 principii
618 2625 748 2686 formam
773 2627 816 2686 ita
838 2622 1061 2705 penetrandum
1083 2631 1144 2701 est,

115 2747 160 2814 ut,
182 2742 207 2800 si
229 2741 260 2799 iu
285 2741 384 2818 primo
402 2747 504 2819 atque,
523 2749 557 2802 ut
574 2743 616 2802 ita
631 2742 740 2812 dicam,
765 2724 874 2803 initiali
895 2749 1051 2802 momento
1074 2761 1145 2822 per·

114 2860 214 2932 sistas,
238 2855 347 2916 eadem
372 2857 591 2930 contradictio,
619 2859 706 2938 cujus
731 2861 919 2920 mentionem
947 2879 1039 2938 supra
1065 2859 1146 2921 feci-

114 2994 200 3050 mus,
232 2973 340 3034 redeat
362 2968 434 3052 (cir.
455 2979 557 3034 tumen
583 2974 602 3055 ᾖ
628 2977 691 3057 10).
740 2975 821 3052 Quid
841 2976 924 3054 quod
947 2979 1046 3052 ipsum
1068 2978 1145 3038 libe·

114 3109 183 3150 rum
217 3090 380 3150 bumanum
406 3091 585 3163 arbitrium,
623 3090 707 3169 quod
742 3097 843 3151 tamen
872 3093 994 3157 ratione
1020 3097 1148 3156 omnino

115 3207 296 3268 destitutum
319 3226 399 3281 esse,
418 3227 502 3286 saepe
515 3207 702 3280 credideris,
723 3207 797 3268 licet
818 3227 892 3268 vere
911 3211 1068 3272 arbitrium
1093 3213 1147 3289 sit,

115 3324 237 3401 legibus
267 3330 370 3380 tamen
393 3324 554 3401 objectivia
575 3323 723 3382 adstricta
743 3331 805 3394 est;
831 3325 905 3384 alias
934 3328 1016 3386 enim
1043 3346 1148 3407 neque

116 3457 185 3514 qum
211 3445 318 3496 contra
351 3436 617 3500 indeterministus
653 3437 846 3514 afferuntur,
881 3443 970 3502 uobis
1008 3445 1147 3522 probari,

115 3560 300 3629 potuerunt,
335 3571 435 3630 neque
467 3561 604 3617 naturam
639 3557 851 3619 obdurationis
887 3560 962 3619 satis
992 3558 1148 3637 iutellige-

43 3684 230 3872 'romum
