2460 4178
651 178 726 248 llll

171 389 345 448 hauriatur:
372 388 519 466 fingamus
545 384 723 465 hujusmodi
750 384 1048 467 doctrinsrui-plp
1073 385 1200 470 ydroriti'

171 503 274 580 Quare
291 508 317 564 si
344 505 376 563 in
400 505 490 564 rebus
512 503 672 583 objectivls
693 504 792 563 aetatis
813 504 992 583 apostolicae
1012 505 1113 566 inians
1136 522 1195 564 esse

171 621 259 691 velis,
280 622 312 682 in
334 622 512 699 subjectivls
535 621 627 680 etiarn
653 620 832 698 criticisque
862 619 1080 680 rellerionihus
1104 621 1197 682 inians

170 737 253 797 estol
275 741 321 797 sin
344 738 494 798 autemod
509 738 726 797 meditationes
739 736 957 810 instituendas,
978 737 1016 796 sd
1038 737 1200 798 dubiasolss

172 855 273 915 venda
296 863 435 934 tempora
460 855 652 928 letrahunt,
681 854 921 933 objectiuitatem
944 870 1070 932 quoqne
1100 873 1200 915 rerum

168 973 339 1034 divinarum
363 974 457 1032 nolito
482 948 778 1049 contra-exemplum
799 974 964 1051 scripturae
986 971 1160 1050 negligere.

249 1089 367 1151 Eadem
386 1089 577 1168 ambiguitas,
601 1104 669 1165 qnae
684 1106 721 1146 ex
736 1089 961 1166 compositione
973 1095 1202 1150 momentorum

166 1209 273 1267 critica
299 1208 451 1285 seqnitur,
474 1207 506 1265 in
533 1222 619 1264 sacra
645 1221 768 1282 quoque
790 1204 1092 1265 historiatractandu
1111 1225 1204 1286 appa·

166 1329 241 1394 reat,
267 1340 395 1381 necesse
414 1331 472 1382 est.
514 1321 626 1380 Totam
648 1318 810 1381 historiam
822 1340 942 1382 sacram
956 1321 1153 1383 Griticlsmns
1169 1326 1201 1385 in

164 1439 239 1498 duas
254 1445 357 1517 partes
373 1439 511 1499 dividere
524 1444 636 1518 potest,
653 1441 696 1499 ita
711 1446 745 1498 nt
761 1438 798 1498 ad
814 1439 949 1516 priorem
961 1445 1080 1517 partem
1099 1444 1202 1519 perti·

163 1564 265 1629 neant,
279 1575 347 1634 quae
361 1556 399 1615 dc
419 1557 559 1635 personis
575 1557 671 1615 esacri
685 1557 729 1615 sic
741 1554 915 1627 traduntur,
932 1560 967 1614 nt
978 1556 1069 1615 etlam
1086 1566 1201 1619 nostro

162 1680 304 1751 tempore
323 1673 432 1733 similia
444 1675 568 1733 evenire
584 1691 676 1752 posse
690 1671 846 1743 credatur,
862 1665 970 1750 (veluti
984 1670 1144 1735 Christum
1159 1694 1200 1738 ex

160 1788 271 1847 Jodaer
290 1790 320 1847 in
334 1788 490 1849 Golilaeam
513 1788 616 1862 ivisse,
639 1788 783 1868 populum
805 1787 1064 1861 allocutumesse,
1088 1791 1198 1870 singu-

160 1904 254 1964 larem
278 1924 350 1984 erga
373 1923 479 1964 omnes
503 1922 640 1964 amorem
663 1902 863 1987 exhibuisse).
905 1904 1197 1986 Communiaigitnr

159 2019 227 2081 haec
249 2028 319 2081 sunt
338 2020 478 2082 historiae
500 2039 597 2082 saorae
619 2027 651 2080 et
681 2011 847 2096 profanae(
877 2021 925 2083 Ad
960 2010 1195 2085 alteramvero

159 2147 277 2218 partem
303 2139 539 2200 annumerandas
560 2145 631 2197 sunt
656 2155 702 2196 eae
729 2155 797 2213 res,
826 2158 895 2218 quoe
921 2138 1062 2198 historiae
1091 2159 1194 2202 sacrae

157 2257 330 2336 peculiares
356 2263 436 2329 sunt,
459 2256 489 2316 ln
511 2255 621 2334 quihus
644 2254 810 2333 praesentia
827 2255 884 2315 Dei
902 2255 1076 2315 immediate
1097 2276 1195 2336 appa·

156 2380 216 2431 ret.
261 2372 381 2450 Duplex
406 2372 457 2431 hic
488 2380 672 2431 momentum
701 2374 870 2449 quaeritur,
899 2374 1028 2452 primum
1058 2378 1093 2431 ut
1126 2390 1193 2447 res,

155 2506 223 2566 quoe
249 2495 425 2563 narrentur,
446 2508 556 2550 revera
581 2491 722 2548 evenisse
742 2458 924 2563 statuantur,
943 2488 1034 2550 aliter
1055 2490 1191 2579 enlmsd

154 2603 315 2664 historiam
344 2624 409 2666 non
436 2608 651 2685 pertinerent3
679 2607 792 2690 deinde
819 2613 853 2666 ut
872 2607 970 2678 ideae,
998 2624 1066 2685 quse
1094 2624 1190 2686 supra

153 2726 293 2779 naturam
315 2727 397 2793 sunt,
420 2739 480 2780 non
498 2723 621 2782 aliunde
644 2723 676 2783 in
696 2742 745 2782 res
768 2723 911 2804 vulgares
943 2722 1186 2796 introducantur,

151 2834 208 2896 scd
226 2854 264 2895 ex
287 2836 361 2914 ipsis
387 2837 481 2896 rebus
511 2838 685 2912 eliciantur;
713 2841 882 2918 quaeritur,
909 2845 944 2899 ut
968 2846 1123 2899 momenta
1151 2852 1186 2902 et

149 2952 380 3034 supranaturale
403 2961 436 3012 et
459 2955 596 3015 naturale
620 2956 650 3013 in
671 2955 753 3014 idem
780 2955 960 3028 concidant,
983 2955 1090 3016 eadem
1113 2975 1186 3019 rea·

148 3073 235 3131 litate
255 3081 346 3150 atque
372 3072 590 3150 perspicuitate
611 3069 770 3150 prodeant.
821 3073 897 3132 lnde
923 3085 1026 3133 autem
1055 3075 1184 3135 msxlma

149 3185 325 3247 difficultas.
381 3189 456 3248 Nam
488 3195 616 3268 propter
650 3191 837 3248 involucrum
876 3190 1108 3268 supranaturale
1145 3190 1184 3253 ad

148 3312 302 3364 momenta
330 3324 404 3364 vere
434 3307 581 3366 naturalia
614 3301 741 3384 (respici
773 3315 902 3384 possunt
930 3310 1039 3368 natalia
1061 3307 1184 3371 Christi

147 3427 199 3480 out
229 3416 437 3500 resurrectio)
468 3431 631 3500 penetrare
654 3442 713 3483 non
733 3431 836 3502 potest
854 3442 904 3481 ars
928 3425 1050 3497 critica;
1080 3444 1183 3506 neque

145 3535 172 3594 si
196 3543 316 3612 poteret
340 3539 397 3597 nisi
423 3540 535 3598 violato
558 3539 631 3600 fidei
652 3540 794 3615 loedere,
816 3543 847 3601 in
869 3543 1004 3621 apricum
1034 3540 1181 3619 proferre

143 3649 273 3724 liceret3
294 3653 395 3729 itaque
416 3654 498 3731 qnod
521 3663 706 3716 momentum
731 3658 869 3719 naturale
899 3659 1022 3729 attinet,
1056 3675 1182 3737 semper

59 3768 354 3934 “confitendum
380 3777 426 3831 est
448 3771 592 3830 evenisse
617 3774 721 3834 rreacio
745 3775 828 3850 quid.
871 3773 960 3852 Quod
989 3781 1091 3836 antem
1114 3794 1181 3835 mo-
