2664 4308
674 171 746 242 raa
1290 143 1310 345 λ

194 381 261 458 ipse
288 380 435 438 transitus
465 377 502 436 ab
524 375 682 436 identitate
717 377 812 456 patris
840 379 870 438 in
899 380 1071 440 caetitatem
1107 377 1250 449 mundi3
1292 367 1295 372 ,.

195 493 346 554 mediator
369 499 417 552 est
440 494 521 552 inter
539 493 637 551 Deum
661 499 693 552 et
723 493 878 558 mitandum.
928 496 1109 558 Aoematius
1134 495 1248 572 igitur

193 608 424 670 hmemedietio
446 609 601 688 explorari
623 609 726 668 dener.
1016 582 1018 589 Ι
1101 616 1193 673 ³⁸⁸⁴.

277 725 527 804 Distinguendum
549 734 596 785 eat
617 726 699 784 inter
720 725 926 800 universalem
956 729 1080 806 generis
1102 727 1233 816 hmani

195 842 414 900 conscientiam
437 850 468 901 et
492 844 627 922 singutas
644 845 834 922 singulorum
852 843 1009 904 hominum
1022 844 1233 904 conscientias

195 961 252 1020 sui.
296 958 484 1019 Universaiis
504 961 689 1020 conscientia
712 962 759 1018 aui
780 967 828 1018 est
851 959 1012 1034 Christus,
1041 977 1100 1020 uon
1124 967 1231 1018 autem

196 1080 270 1158 Ego
303 1075 380 1134 itiuti
407 1074 613 1149 individuum,
642 1077 699 1135 sibi
727 1078 757 1134 iu
786 1077 1229 1154 aeternumconstaus,q1md

195 1312 276 1370 enim
298 1308 538 1384 confugiendum
563 1322 629 1367 eret
653 1287 689 1367 ari
708 1309 811 1368 tasum
835 1309 1029 1369 Bethlehemi
1052 1317 1172 1381 rnatum,
1196 1312 1226 1368 iu

195 1425 357 1502 Goigathae
375 1443 499 1483 erucem
521 1431 631 1495 aetum,
656 1425 848 1482 immanentia
863 1427 1047 1503 speculativa
1058 1427 1121 1504 jam
1145 1427 1227 1484 mati-

196 1548 352 1624 quotum)3
373 1540 427 1600 sed
451 1547 567 1612 ea-est,
590 1559 656 1619 qum
678 1559 734 1620 per
754 1541 958 1600 conscientias
979 1543 1147 1620 singulares
1161 1543 1226 1600 exi-

194 1661 336 1722 stentiam
356 1659 413 1717 sibi
437 1667 534 1736 paret,
554 1660 595 1716 ita
618 1665 661 1730 ut,
685 1677 751 1717 cum
774 1659 850 1716 nihii
873 1658 904 1716 iu
931 1677 965 1717 se
983 1677 1052 1718 esse
1065 1661 1147 1730 vetit,
1170 1658 1226 1720 aeti

196 1777 297 1835 omitia
317 1793 373 1852 per
395 1774 531 1851 singulos
547 1774 673 1847 habere,
696 1783 811 1850 quaerat
833 1777 935 1846 etiam,
958 1783 991 1834 ut
1013 1774 1125 1852 aiuguii
1149 1774 1225 1834 niitii

196 1895 226 1950 in
249 1891 324 1968 ipsis
346 1891 418 1959 sint,
437 1891 491 1948 sed
520 1891 611 1950 missa
637 1889 865 1968 subjeetieitete
896 1893 925 1948 in
957 1909 991 1950 se
1021 1897 1225 1952 revertantur.

196 2007 379 2068 Efformatio
399 2005 489 2084 hujus
507 2005 704 2064 conscientiae
724 2005 903 2066 universatis
927 2006 1134 2084 persingulas
1154 2025 1226 2066 cou-

196 2125 352 2195 scientiae,
376 2123 513 2202 operotio
535 2120 694 2194 historica,
719 2123 848 2200 quatit,
873 2130 905 2182 ut
926 2124 1004 2182 ratio
1028 2124 1111 2181 inter
1131 2139 1224 2202 getius

196 2242 360 2301 homanum
386 2246 417 2298 et
446 2239 582 2315 singutas
606 2237 748 2296 homiues
775 2239 911 2298 discreta
942 2241 1036 2316 tnagis
1065 2241 1224 2316 magisque

196 2359 332 2428 totietur,
356 2362 402 2416 est
422 2356 563 2433 spiritus3
584 2373 643 2414 ιιοιι
663 2355 715 2412 itte
737 2362 855 2426 tamen,
878 2356 980 2432 quint
1010 2356 1134 2414 tertium
1156 2355 1226 2434 Ego

196 2474 288 2532 vitam
320 2471 414 2550 patris
450 2471 567 2548 filiique
602 2471 808 2550 conjungens,
842 2479 874 2529 et
907 2471 1135 2548 negativitatem
1170 2471 1224 2530 net

195 2592 275 2650 intra
299 2589 445 2648 terminos
463 2589 532 2647 vitae
555 2585 665 2647 divinae
689 2589 902 2648 immanentem
924 2587 1076 2659 reterens,
1096 2587 1225 2664 singuiis

196 1195 268 1252 oiim
296 1194 327 1252 in
355 1199 438 1250 terra
466 1194 623 1270 apperuit,
653 1196 731 1251 nritnc
754 1204 854 1252 autem
878 1195 907 1251 in
926 1194 1014 1251 coeio
1033 1191 1230 1272 regnat‚(sie

195 2706 393 2766 conscientiis
413 2705 556 2764 concedit
577 2707 747 2783 negativum
767 2707 831 2775 sui,
858 2723 958 2762 veram
980 2705 1168 2764 identitatem
1196 2723 1223 2766 a:

194 2823 286 2881 uitam
304 2827 450 2879 aeternam
472 2793 559 2880 in'se
582 2821 706 2894 habere,
726 2828 758 2880 ut
781 2819 918 2880 ideeiitas
942 2827 974 2880 et
989 2821 1112 2882 reatitas
1129 2823 1226 2884 ubivis
1306 2851 1310 2874 ι

197 2935 383 3013 congruarum
405 2936 458 2994 sed
482 2946 529 2996 est
552 2939 611 2996 iste
634 2939 771 3016 spiritus,
796 2939 846 3016 qui
868 2955 935 2998 cum
955 2955 1060 2998 omues
1084 2940 1225 3018 praeteri·

195 3061 298 3114 torum
338 3059 509 3130 temporum
553 3053 714 3111 thesauros
750 3053 865 3114 ideates
899 3055 1030 3114 reatitati
1076 3057 1225 3132 presenti

196 3159 402 3239 (tiiebtittets
420 3166 641 3248 Virkeiigheti)
661 3170 814 3246 targiatur,
836 3172 969 3248 ingenue
993 3171 1137 3242 declarat,
1161 3174 1225 3230 eri·

196 3289 337 3349 atentiam
360 3305 443 3343 stram
470 3285 526 3342 itae
548 3285 713 3344 identitatis
733 3294 764 3343 et
786 3286 931 3344 rectitatis
944 3289 1139 3345 immaturata
1158 3288 1223 3347 niti.

195 3406 411 3466 Momeutanea
435 3410 534 3459 autem
554 3401 685 3470 reatitas,
709 3419 765 3477 per
787 3402 921 3478 singutas
943 3404 1148 3462 conscientias
1164 3401 1225 3462 dtt-
1309 3435 1310 3454 ι

194 3521 273 3589 fusa,
290 3520 353 3598 jam
376 3519 406 3576 iu
429 3535 462 3574 se
486 3519 610 3576 alterata
634 3526 773 3594 aptiorem
790 3519 1010 3579 rieterminatur
1026 3520 1119 3596 igitur
1134 3521 1224 3596 spiri·

197 3644 247 3696 tus
268 3632 439 3711 abjectivos
462 3652 516 3710 per
544 3633 768 3692 multitudinem
796 3636 965 3695 animorum
999 3636 1058 3694 sibi
1085 3638 1224 3696 conscio-

198 3768 275 3808 rum.
321 3743 446 3806 Animus
478 3749 557 3806 euim
582 3748 745 3822 humanus,
783 3759 932 3828 quatenus
963 3752 1090 3810 realiter
1111 3753 1223 3826 existit,
