2460 4178
575 137 649 205 llo

96 364 217 406 omnem
239 343 431 404 iatetiectom
453 344 561 399 crecta
582 357 720 401 enarres
742 347 848 400 carate
870 347 934 400 tnm
955 343 1038 400 intra
1054 335 1123 413 tiam

95 463 184 541 regni
205 461 253 521 sai
276 465 340 518 tuta
359 463 425 528 est,
448 455 566 516 divinas
587 457 673 518 ideas
699 458 829 537 proprio
853 455 956 529 Marte
984 452 1126 539 pedit.

96 579 213 643 Verum
235 593 272 635 ea
296 574 433 633 exclusio
454 577 576 644 mutua,
597 575 624 632 si
643 575 814 633 accuratius
834 572 1064 645 consideratur,
1090 592 1128 632 se

94 699 161 774 ipsa
191 692 284 752 toltit.
332 690 376 750 Ut
408 691 490 750 enirn
527 690 605 749 fides
632 690 693 749 sibi
720 690 830 750 relicta
862 708 986 765 suarum
1021 707 1130 749 reram

96 811 237 873 ordinem
258 814 439 886 exponeret,
455 807 574 866 diversa
588 814 742 867 momenta
761 825 906 867 sensnum
921 807 1041 883 piorum
1056 822 1131 883 pro-

96 930 211 1002 dirent,
225 944 351 986 trecense
367 932 454 997 erat;
469 926 508 983 ita
525 941 598 983 vcro
613 907 743 984 aiterum
761 925 860 983 eitero
875 923 1133 999 restringeretur,

95 1063 263 1123 amnesque
284 1043 362 1103 does
385 1045 603 1120 perrumperet
637 1040 816 1099 intellectus
842 1058 949 1101 reram
971 1039 1133 1099 tinitaram

95 1161 285 1225 moderator.
332 1158 440 1236 Neque
468 1157 505 1217 ab
533 1157 631 1219 attera
662 1165 750 1238 parte
779 1158 860 1217 intra
886 1155 1036 1219 terminos
1055 1172 1134 1215 scos

95 1279 153 1339 sibi
176 1277 251 1337 eatis
283 1282 334 1335 ert
353 1293 481 1353 regnam
505 1273 701 1346 intellectus,
727 1294 794 1335 nam
818 1275 845 1333 si
866 1273 954 1332 finita
973 1271 1045 1351 ejas
1065 1273 1135 1333 eie.-¹

94 1401 197 1455 menta
219 1412 254 1452 se
276 1392 407 1450 invicem
437 1389 605 1464 definiunt,
636 1392 713 1451 fines
736 1390 904 1467 tolluntur3
934 1390 1021 1449 finito
1045 1390 1129 1448 enim

96 1513 155 1590 qud
184 1510 236 1569 taii
259 1508 379 1567 finitum
406 1507 506 1567 simite
527 1515 586 1580 est,
620 1528 677 1569 nec
705 1526 836 1585 nuquam
866 1507 1051 1564 terminatur
1069 1505 1133 1564 nisi

95 1625 365 1708 percontrarium
387 1625 436 1684 sui
456 1625 478 1688 i
499 1643 528 1684 e.
555 1645 612 1705 per
639 1626 807 1685 insenum.
851 1623 924 1682 Stet
943 1622 1060 1700 igitur,
1083 1639 1135 1679 re·

95 1760 188 1822 gtmm
217 1759 329 1801 aerisue
353 1741 506 1801 infinitum
534 1760 664 1820 regnum
687 1739 865 1801 inteiieetus
888 1739 1007 1798 {irritum
1029 1737 1133 1796 ubivis

95 1859 261 1936 attingere,
283 1856 405 1933 sibique
426 1857 505 1916 adeo
528 1859 627 1918 minus
647 1863 790 1919 constare
810 1855 1062 1917 indifferentiam.

178 1973 245 2034 Nec
264 1973 323 2032 ulia
346 1979 446 2032 temen
467 1974 512 2032 sic
533 1976 654 2053 sperari
666 1977 781 2053 poterit
796 1971 941 2033 definitio
952 1977 1006 2031 eut
1019 1971 1132 2030 deter-

95 2091 222 2152 minatio
241 2095 361 2163 mutue,
377 2097 452 2168 quot
474 2092 560 2150 enim
581 2091 726 2170 tangendi
753 2098 802 2149 tot
833 2089 1017 2168 repetiendi
1032 2090 1131 2148 ratio-

96 2226 173 2284 ποις
195 2205 251 2267 sed
274 2210 375 2268 oritur
395 2226 432 2267 ex
459 2208 517 2267 hac
545 2207 692 2267 methodo
723 2206 901 2284 theologia,
940 2221 1028 2284 qoam
1059 2223 1131 2263 cam

96 2326 315 2405 cogitationem
335 2343 435 2401 neque
451 2323 532 2385 ieret
556 2331 588 2383 et
608 2324 776 2394 desideret,
797 2325 977 2383 incantatam
1001 2339 1133 2380 vocave-

95 2443 209 2504 rimus.·
245 2437 428 2499 intellectus
448 2439 572 2500 formas·
587 2449 620 2499 et
639 2441 765 2518 species
792 2440 926 2512 definit,
952 2455 1046 2516 marc
1076 2436 1131 2516 qai

96 2559 218 2638 tapeta
235 2555 310 2616 fidet
329 2563 439 2617 tenere
460 2558 554 2635 rupit,
576 2556 615 2616 ad
633 2556 824 2616 inteliectnrn
852 2573 917 2615 non
936 2560 1039 2635 potest
1067 2572 1130 2613 nou

95 2690 290 2754 praecurret
314 2691 381 2731 cnm
400 2691 472 2731 vero
495 2693 554 2733 non
579 2675 670 2733 modo
691 2675 722 2733 in
744 2675 935 2747 urriversum,
960 2670 1128 2731 sedetiam

94 2792 126 2852 in
152 2787 279 2866 singuiis
302 2787 423 2868 casibus
453 2790 657 2849 contradictio
689 2791 890 2868 tautologiae,
919 2788 1038 2849 tinitum
1067 2807 1129 2848 oon

95 2923 207 2985 erpere
228 2902 381 2969 infinitam
403 2904 565 2982 multipiici
583 2907 703 2965 ratione
725 2878 886 2978 recurrat,
903 2907 1025 2985 objecta
1053 2904 1129 2964 fidei

95 3023 274 3085 intellectus
288 3028 399 3098 captet,
411 3018 465 3079 ssd
486 3040 635 3100 nunqnam
649 3022 823 3100 prehendit.
867 3022 998 3100 inquirit
1012 3019 1143 3080 frustra-

94 3140 126 3198 in
147 3156 199 3197 res
228 3144 346 3214 gestes3
383 3157 448 3197 nam
489 3138 526 3198 ed
567 3158 702 3198 normam
740 3138 949 3217 pragmatismi
983 3138 1131 3197 naturaiis

95 3255 197 3315 omnin
224 3256 379 3332 erpiorat;
413 3256 440 3313 si
470 3273 542 3315 vero
573 3255 630 3315 hec
665 3259 711 3317 ria
755 3255 970 3315 demonstrare
1007 3261 1130 3332 poterat

94 3389 162 3430 rem
179 3371 341 3429 evenisse:
364 3379 565 3431 evanesceret
582 3392 656 3432 serre
675 3369 755 3450 qnod
776 3390 867 3448 supra
887 3384 1023 3431 mititatis
1045 3373 1129 3448 posi-

95 3493 159 3546 tum
189 3492 256 3555 est3
286 3487 331 3544 sin
357 3495 456 3547 autem
485 3488 761 3548 contradictionem
792 3492 939 3548 adversus
969 3487 1128 3566 ruigrrem

95 3601 237 3662 ordinem
260 3619 330 3658 esse
349 3593 503 3674 observat,
527 3623 592 3663 rem
618 3607 758 3664 circuisse
778 3615 884 3684 negat3
900 3602 1013 3683 quaerit
1031 3603 1131 3680 igitur

95 3717 286 3785 intellectus,
314 3723 347 3773 nt
382 3735 450 3792 qam
478 3736 569 3793 supra
601 3727 733 3821 natqram
759 3721 878 3781 eierato
902 3725 976 3780 sunt
997 3720 1130 3779 uraturaii
