2460 4178
544 136 591 203 dl

56 347 265 426 perspicuitas
286 345 442 418 ahsoluta3
467 376 505 391 -
529 350 562 404 ut
583 345 663 404 enim
688 343 846 405 distinctio
875 345 947 420 nat,
972 345 1087 408 chatra-

56 463 171 524 ctioaia
193 469 380 522 momentum
403 464 510 524 abesse
533 480 592 522 non
614 465 728 541 potest.

150 579 291 639 identitas
313 581 507 659 cogitationis
524 579 636 640 divinae
660 578 884 657 perfectissima
906 581 1089 658 postulates
1167 645 1169 650 ,

57 695 201 775 quidem,
235 702 270 754 ut
297 696 327 754 in
361 714 545 777 unoquoque
579 695 702 775 objecto
735 697 921 775 reliquarum
953 700 1088 758 omnium

58 812 200 872 totalitas
220 810 320 882 adsit3
350 830 388 870 ne
411 830 486 872 vero
505 814 672 892 tautologia
695 814 832 886 eveniat,
853 815 942 874 aiiter
968 817 998 875 in
1027 816 1088 876 aiio

58 927 184 1007 objecto
206 927 364 1006 plenitudo
385 931 521 990 idearum
541 931 626 1004 insit,
647 949 775 991 necesse
797 938 855 990 cat.
900 931 1001 1007 Quare
1020 951 1087 992 cum

58 1046 145 1106 Deus
175 1045 328 1122 objectum
355 1047 381 1105 A
410 1047 540 1126 cogitat,
574 1047 729 1126 objectum
759 1047 783 1106 B
808 1066 867 1107 non
896 1056 999 1128 potest
1027 1069 1087 1110 non

57 1162 240 1224 abstrahere
262 1193 301 1236 7·
318 1172 471 1242 prunetum
492 1166 688 1226 discriminis
716 1177 763 1227 cst
785 1178 940 1247 prunetum
962 1169 1088 1230 obstra-

58 1284 187 1344 cticnia.
212 1312 255 1325 --
277 1278 337 1354 Qui
367 1280 459 1357 igitur
482 1281 692 1340 simuitancam
715 1289 807 1360 atque
833 1283 1003 1344 intuitivam
1032 1285 1089 1346 oet

57 1398 218 1458 scientiam
241 1392 385 1455 admirari
408 1396 524 1470 solunt,
547 1398 686 1457 oblivisci
709 1419 767 1459 non
781 1400 904 1474 debent,
927 1403 1088 1481 cogitatio-

59 1533 115 1574 nes
136 1513 253 1572 divinas
276 1517 411 1589 systema
435 1514 577 1589 efficere,
598 1522 630 1575 et
652 1517 748 1574 Deum
773 1535 842 1576 cum
869 1517 1004 1596 singulas
1036 1537 1088 1578 res

57 1633 225 1702 intucatur,
249 1650 266 1690 a
288 1640 456 1705 momento,
478 1637 512 1691 nt
534 1632 575 1692 ita
598 1631 695 1691 dicam
717 1632 826 1691 initiati
849 1633 869 1691 i.
896 1652 924 1691 e.
960 1634 996 1693 ab
1021 1635 1088 1713 ipso

58 1748 159 1808 nihiio
182 1749 213 1807 in
238 1766 305 1808 rem
326 1755 500 1808 concretam
522 1751 655 1809 —viam
678 1757 709 1808 et
730 1769 818 1828 quam
841 1751 1019 1810 immensam
1048 1785 1088 1796 -

57 1881 261 1943 percurrere3
283 1872 374 1943 atque
391 1867 433 1926 ita
448 1867 605 1925 scientiam
618 1867 685 1944 ejus
699 1868 904 1928 immediatam
926 1868 963 1927 ab
974 1876 1090 1930 aeterno

58 1980 223 2041 mediatam
242 1998 310 2039 esse
335 2000 523 2061 semperque
542 1984 681 2043 mediaei.

142 2097 191 2158 Ne
212 2114 285 2155 vcro
315 2098 382 2175 quis
415 2100 555 2176 objiciat,
582 2119 639 2160 nos
668 2102 709 2161 ita
729 2101 1089 2183 anthropomorphismos

52 2216 142 2295 justo
164 2215 330 2273 crassiores
352 2215 384 2274 in
407 2215 504 2276 Deum
526 2218 715 2291 transferre,
743 2224 775 2277 et
802 2220 894 2278 rerba
909 2216 1090 2282 Athanasiia

58 2353 98 2410 „o
120 2332 277 2392 ludicram
299 2332 482 2392 doctrinam
506 2333 719 2411 (edificantem
741 2337 836 2396 simui
858 2343 890 2396 ct
911 2335 1087 2400 demolian-

59 2451 146 2510 tcm“
169 2448 200 2506 in
222 2465 278 2507 nos
303 2447 482 2521 transierat,
505 2449 565 2509 hoc
588 2450 739 2528 estquod
763 2452 854 2511 etiam
878 2461 970 2529 atque
997 2457 1088 2516 etiam

58 2564 244 2626 inculcatum
255 2563 403 2639 volumus,
419 2573 607 2626 momentum
624 2568 836 2628 abstractionis
849 2575 880 2626 et
893 2568 1087 2631 mediationis

59 2700 121 2742 non
140 2690 269 2741 externo
289 2681 383 2740 modo
405 2683 544 2760 separari
562 2702 578 2742 a
599 2691 755 2743 momento
780 2685 964 2763 cognitionis
984 2687 1090 2748 simui·

58 2807 171 2871 tanam,
194 2797 249 2856 sed
272 2799 580 2876 comprehensionem
607 2807 698 2878 atque
721 2801 913 2860 intuitionem
944 2805 974 2861 in
1006 2804 1088 2866 idem

50 2915 238 2975 'coincidere
282 2913 358 2975 cum
372 2916 454 2976 Dens
476 2917 674 2995 semetipsum
689 2917 941 2996 comprehendat,
963 2921 1089 2999 etcogi-

58 3033 192 3107 tationes
205 3031 271 3109 ejus
288 3033 408 3093 vinculo
420 3035 596 3093 necessario
611 3033 798 3106 cohaereant,
820 3035 979 3093 veritatem
994 3036 1088 3097 hahet

58 3147 237 3209 ahsolutum.
282 3151 372 3210 Deua
394 3155 473 3220 cuit,
492 3156 566 3231 qnia
585 3172 694 3212 oerum
720 3161 779 3210 est.
823 3148 976 3212 Caeterum
999 3115 1088 3214 adcu-

58 3266 157 3326 ratior
169 3265 260 3344 hujus
274 3264 320 3322 rei
336 3266 487 3341 expositio
505 3266 670 3345 theologiae
683 3267 877 3345 speculativae
890 3269 1089 3347 relinquenda

59 3389 123 3455 est3
153 3382 220 3442 haec
248 3392 347 3442 autem
377 3385 548 3462 attigimus,
578 3391 611 3445 ut
643 3393 747 3463 typum
782 3385 920 3444 scientiae
949 3376 1113 3450 humauae'

60 3500 237 3578 primarium
257 3518 513 3577 proponeremus.

146 3616 345 3676 Conscientia
366 3615 415 3674 sui
437 3612 575 3694 humana,
599 3617 710 3677 divinae
727 3617 838 3694 imago,
857 3623 1010 3680 momenta
1023 3621 1088 3698 jam

58 3736 294 3793 commemorata
321 3728 499 3812 fortnaiiter¹
514 3735 660 3794 continet.
705 3733 834 3812 Semper
854 3737 932 3794 enim
962 3734 1031 3814 Ego
1056 3734 1088 3797 ht

402 3876 552 3928 v*

1113 3762 1156 3928 d
