2460 4178
581 88 632 167 7²

95 314 130 353 er
155 303 243 375 purte
262 297 301 355 rlt
316 296 383 355 aliis
405 295 614 372 phoenomenis
634 293 780 372 distingui
801 312 864 357 uon
879 297 997 374 posuitt
1017 305 1115 375 quoto·

95 430 152 470 nus
178 419 280 472 entem
307 413 446 489 mysterii
469 411 676 472 mrnilestntlo
702 415 768 482 est,
797 419 990 473 momontum
1007 432 1117 491 ,soprr-
1171 452 1173 457 -

95 528 232 588 rrrtnrrlu
251 530 400 601 continet,
420 536 452 588 et
466 528 503 588 eb
519 528 587 589 uliis
600 527 812 606 phoenomenis
823 534 891 593 toto
905 527 1003 587 coelo
1011 528 1117 617 distrtr

96 659 152 720 per
163 644 343 720 mysterium
364 646 457 724 igitur
473 644 632 704 distinctio
650 642 719 703 lieri
737 643 849 726 delret3
868 644 924 705 nbi
944 662 1025 709 reto
1043 644 1120 724 pb·

94 777 244 819 nomenou
260 778 318 840 qvo
332 758 465 821 divinum
478 779 547 822 csse
557 768 749 838 agnoscetur,
763 761 902 840 mysterii
916 762 1122 841 cognitionem

97 877 221 955 qrrerit3
242 878 425 955 mysterium
445 883 547 938 nutem
570 879 715 955 cognosci
737 894 797 936 non
821 881 925 955 potest
940 877 1005 937 nisi
1019 877 1123 937 dirici·

96 997 158 1080 teto
172 991 374 1072 phaennmeni
395 995 513 1072 sguitr:
534 993 733 1053 revoletionis
746 992 881 1070 cognitio
903 993 1125 1053 terentium

97 1108 244 1184 postulat,
259 1111 393 1188 cognitio
413 1111 631 1188 mysteriorum
656 1117 687 1168 et
708 1109 925 1171 miraculorum
945 1108 1125 1169 mirrcnlnrn

97 1233 156 1286 est.

181 1341 255 1415 Quae
277 1359 345 1400 curn
373 1341 416 1401 itn
441 1342 519 1413 siut,
546 1341 645 1400 omnis
666 1339 723 1401 llei
749 1340 897 1401 rorelrtio
918 1312 1065 1420 sponisllr
1087 1340 1128 1401 sd

99 1458 160 1520 dnn
181 1426 337 1536 proecipuus
358 1457 503 1518 miraculo
522 1456 636 1516 relerri
657 1463 771 1535 potest,
792 1456 972 1517 miraculum
990 1464 1065 1537 puts
1080 1458 1130 1517 io-

98 1576 275 1657 spirntionis
299 1582 346 1647 ct,
376 1572 456 1652 qvod
478 1575 509 1633 iu
536 1572 668 1633 ecclesio
691 1572 950 1647 immediator,
975 1573 1130 1635 illumina·

99 1695 203 1754 tionis.
260 1691 302 1751 Ut
329 1685 404 1749 illud
427 1689 621 1767 purissimus
649 1707 753 1749 rernm
777 1689 946 1753 divinorum
968 1692 1131 1772 speculum

100 1811 371 1887 inscriptorum
399 1804 526 1864 fallendi
553 1803 724 1889 nescirm¹)
751 1807 838 1867 nobis
864 1807 968 1880 teuit,
997 1810 1040 1869 ite
1067 1810 1132 1869 lroc

100 1929 211 1988 urcutis
229 1923 349 1983 oculum
365 1919 403 1982 sd
424 1931 510 1981 recte
522 1921 687 1982 ridendum
704 1919 887 2001 illustret2).
930 1927 1012 1987 llinc
1025 1935 1132 1987 cutm

170 2107 195 2173 ¹)
298 2110 473 2162 revelationes
495 2110 575 2162 certis
594 2108 750 2161 testimoniis
773 2110 799 2161 ir
818 2111 899 2163 verbo
916 2127 966 2164 sno
984 2111 1133 2179 proposuit,

215 2201 241 2253 in
260 2217 310 2272 qvo
336 2205 488 2256 contortus
513 2204 540 2255 in
558 2204 619 2254 cluo
639 2209 761 2255 materno
783 2204 967 2257 nutrimentum
993 2206 1132 2256 ottrclrers

217 2311 249 2345 er
267 2296 387 2348 umbilico
406 2303 432 2347 et
450 2296 648 2366 cotyledorilrns
668 2312 716 2348 nos
735 2312 835 2366 quoqne
848 2298 970 2349 scelernm
981 2295 1089 2363 inclusi,
1105 2303 1134 2348 ct

216 2386 373 2438 ottrchinrus
390 2388 549 2452 agnitionem
566 2391 616 2439 Dei
643 2394 669 2440 ct
686 2389 766 2440 vitem
783 2404 816 2439 or
835 2389 913 2440 rrrlo
932 2388 999 2454 Ilei,
1023 2394 1053 2440 nt
1071 2404 1133 2440 enm

218 2483 381 2546 invocemus,
406 2479 477 2532 sicut
491 2497 521 2532 se
540 2481 673 2546 patefecit.
709 2481 873 2532 Melouchth.
891 2481 914 2536 l.
931 2496 956 2534 c.
977 2482 1063 2547 copl
1085 2497 1132 2547 pg.

217 2572 265 2624 lirl
289 2606 318 2628 ..
333 2607 364 2626 ..
388 2572 416 2623 in
442 2572 580 2640 Scriptura
604 2572 740 2624 Cononicr
765 2573 866 2624 nullum
889 2576 932 2624 est
959 2573 1132 2641 menducium,

216 2661 290 2713 nullo
308 2664 424 2730 iclsitns,
442 2666 531 2717 nullus
549 2665 592 2717 rel
611 2664 732 2716 minimus
749 2680 824 2718 orror
840 2665 897 2718 siro
916 2665 942 2717 in
959 2665 1049 2728 rubus,
1074 2665 1133 2718 sire

216 2755 242 2805 in
260 2755 357 2808 verbis.
391 2758 502 2818 Qucust.
518 2758 537 2808 l.
555 2757 573 2808 l.
592 2771 620 2822 p.
644 2756 666 2807 l.
688 2772 712 2822 p.
732 2759 775 2811 il.

171 2847 196 2914 ²)
217 2849 378 2904 ....ιιι1ιιο
396 2848 522 2912 ignorcns
547 2854 575 2899 et
590 2865 718 2914 perversu
741 2855 782 2901 est
799 2849 867 2902 rctio
885 2849 947 2911 itte,
974 2851 1004 2897 ut
1027 2846 1134 2898 etiarnsi

214 2939 419 3005 ingeniosissimi
441 2945 468 2990 ct
490 2939 635 2992 doctissimi
651 2941 769 2994 homines
794 2943 821 2994 in
843 2943 893 2994 lroc
916 2939 1009 2992 murelo
1028 2939 1134 3002 Ercng.

218 3035 248 3087 elo
267 3032 334 3085 Filio
353 3032 403 3084 Dei
419 3037 446 3085 et
469 3032 657 3099 promissiones
679 3033 783 3086 divinos
802 3035 833 3085 rlc
849 3038 948 3085 aternu
970 3031 1058 3083 nlnte
1078 3046 1134 3081 eu-

220 3126 299 3190 tium,
316 3131 402 3176 tomen
420 3143 452 3178 ee
469 3126 583 3194 propriis
601 3125 701 3178 viribus
720 3127 854 3192 percipere
870 3129 898 3176 et
909 3139 974 3175 vrrs
990 3138 1052 3175 csse
1070 3129 1133 3174 stu-

220 3225 293 3270 tuere
312 3225 449 3287 nequeunt,
488 3223 521 3272 F.
543 3219 573 3270 Ο.
593 3220 644 3270 cir.
661 3221 738 3270 aun.
753 3220 810 3271 rod.
828 3235 855 3284 p.
871 3215 915 3269 67.

287 3310 376 3370 ,Εἰᾱιε
392 3309 490 3374 divine,
507 3326 560 3377 pun
577 3311 637 3378 qvis
654 3310 827 3363 infallibiliter
837 3309 928 3375 crctlit,
947 3307 997 3359 hoc
1013 3306 1134 3367 verbum,

217 3402 284 3470 qvod
302 3402 442 3468 Scriptura
459 3402 589 3470 proponit,
606 3418 669 3456 esse
688 3417 748 3455 vers
766 3401 816 3453 Dei
836 3402 959 3465 rerlrum,
985 3397 1134 3450 immediate

218 3492 301 3544 oritur
319 3511 337 3546 u
355 3494 381 3545 vi
399 3501 426 3546 ct
442 3500 572 3561 poteststc
594 3500 622 3550 S.
641 3496 783 3563 Scriptores
801 3495 958 3557 intrinseco,
983 3489 1038 3558 qvi
1057 3490 1135 3540 Scri-

215 3585 584 3652 ptnroipsecrlgenerenrlsrn
594 3589 842 3647 fldemsilrilclritsm
851 3586 1002 3639 someron.
1022 3585 1135 3643 Quenst.

218 3697 241 3743 r·
264 3678 287 3726 ¹·
307 3691 348 3739 rr·
365 3676 406 3730 98.
