2460 4178
603 149 757 215 17'

100 353 270 413 vastatae
287 349 621 432 judicesad-‘necno
643 332 709 412 acio
732 360 833 415 umen
853 371 903 413 me
926 354 988 414 hoc
1010 354 1059 414 rei
1082 355 1137 414 iiio

102 468 201 529 modo
213 467 393 546 judicas-04
407 468 484 527 etsi
506 465 556 527 dc·
575 486 609 528 re
637 478 757 530 nerrsta
777 486 838 530 nen
865 477 1002 544 constat,
1032 478 1134 531 utrum

104 585 261 658 creuerit,
280 601 391 662 annon,
411 585 467 644 sed
482 590 583 644 tamen
602 592 733 660 constat,
755 583 883 646 eandem
899 605 970 648 esse
981 594 1134 648 narratam

102 707 198 778 atquc
225 699 306 759 atico
331 701 370 759 ab
399 700 501 779 siiqno
529 703 708 784 cogitatam,
732 703 764 764 e't
783 704 946 787 siderite,
967 704 1132 764 nomenti·

104 817 218 892 qniore
241 822 385 894 tempore
403 816 545 877 miracola
571 817 652 878 iacta
676 818 753 893 sint,
781 821 853 898 quin
882 821 988 898 popuii
1015 821 1134 898 antiqui

100 929 251 992 miracola
271 930 472 1006 crediderint,
492 933 632 994 debitara
653 952 714 994 non
731 950 867 1014 possum.
910 935 1016 1014 itaque
1037 935 1133 996 iniste-

100 1047 239 1107 ricermn
259 1066 321 1109 non
341 1054 401 1120 eat,
422 1049 452 1108 in
475 1059 635 1109 externum
657 1051 846 1128 singularum
861 1069 966 1110 rernm
988 1020 1131 1111 eventum

100 1162 278 1241 inquirere3
295 1182 402 1226 rernm
422 1173 457 1225 ot
473 1164 588 1226 nnitnm
611 1165 725 1226 iactam
745 1167 946 1244 semetipsum
969 1166 1055 1241 iecit,
1074 1168 1130 1228 scd

99 1280 138 1340 ais
150 1279 214 1339 atto
229 1279 344 1340 fectum
357 1289 415 1355 est,
432 1283 473 1343 ita
487 1282 569 1343 nniia
586 1302 635 1342 res
651 1278 682 1344 in
698 1281 780 1343 iacto
798 1284 897 1361 posita
913 1291 1018 1362 potest
1032 1303 1131 1363 perse

98 1388 286 1466 teneri,'scd
307 1397 390 1474 ejus,
412 1400 463 1459 cni
484 1417 536 1459 res
558 1406 644 1474 gesta
662 1405 785 1478 accepta
809 1399 955 1472 refertur,
976 1400 1131 1478 ingenium

98 1511 309 1593 perspiciendi
328 1516 520 1575 occasionem
532 1515 673 1594 prebere
688 1515 793 1575 debet.
839 1515 920 1576 Hinc
932 1517 1028 1592 igitur
1045 1517 1130 1594 phec-

98 1618 302 1691 nomenorn
308 1637 505 1690 externorum
513 1633 636 1709 negatio
645 1631 816 1709 perficitur.
831 1631 911 1691 -in
919 1631 1130 1708 phaenomenis

96 1747 292 1808 seraanaiibns
303 1746 363 1805 rita
379 1747 549 1824 spiritnsiis
564 1766 598 1807 ec
610 1749 735 1819 exserit,
749 1747 948 1826 nhoenomens
955 1747 1130 1824 exprimunt

96 1864 261 1945 opiniones
278 1861 370 1922 animi
394 1865 585 1937 essentiales,
604 1864 660 1924 sed
681 1865 842 1942 opiniones
857 1851 1037 1935 essentisles
1057 1872 1130 1925 snnt

78 1954 314 2085 mucosa,
333 1996 429 2058 qnare
455 1980 613 2041 historicis
636 1981 695 2041 hoe
717 1981 911 2059 propositum
932 1998 1004 2040 esse
1025 1981 1128 2054 debet,

96 2104 133 2157 nt
151 2097 185 2156 ia
203 2096 326 2155 rebosa
348 2113 466 2172 genere
484 2097 615 2158 hnmano
636 2098 733 2177 gestis
754 2098 837 2156 scint
856 2097 886 2155 in
907 2098 1034 2174 speculo
1050 2116 1128 2175 poro

95 2214 280 2292 asspiciater
296 2211 392 2271 iacies
409 2213 545 2290 spiritns,
561 2221 593 2273 et
611 2213 746 2272 eruditio
759 2214 950 2290 populorum.
967 2245 1010 2256 -
1027 2212 1128 2289 Atque

94 2329 148 2389 his
165 2334 253 2388 recte
282 2329 462 2405 perpensis,
490 2329 521 2389 in
549 2329 742 2390 ideaiismnm
771 2327 921 2406 quendem
952 2325 1127 2388 historicam

79 2444 272 2517 incidisses,
291 2444 341 2503 cni
363 2443 423 2504 hoo
442 2445 550 2504 saitem
572 2445 804 2505 concedendum
826 2453 890 2516 est,
910 2444 1127 2520 cogitationem

94 2569 130 2623 et
148 2562 297 2622 sationem
316 2562 347 2620 in
369 2560 507 2621 historie
529 2563 723 2639 semetipsum
750 2576 901 2638 qnaerere.
930 2591 970 2602 —
994 2558 1127 2619 Tantum

94 2677 301 2748 resorbeat,
329 2684 363 2736 nt
384 2677 445 2737 hoc
461 2678 622 2739 ideaiismo
643 2679 781 2756 empirice
805 2676 939 2756 rnigaris
960 2679 1127 2739 auctoritas

95 2795 223 2855 omnino
242 2776 419 2872 coronetur,
442 2801 475 2855 nt
494 2796 604 2855 codem
623 2795 808 2866 affirmetur,
822 2792 915 2852 modo
932 2812 970 2852 ne
991 2795 1032 2854 ita
1047 2796 1127 2855 ratio

93 2909 306 2988 intelligetur,
340 2930 376 2971 ac
402 2913 428 2972 si
466 2914 554 2972 ambo
580 2913 718 2972 historice
745 2890 895 2970 momenta
924 2916 957 2968 et
983 2911 1067 2970 reale
1095 2919 1127 2969 et

94 3025 198 3087 ideaie
216 3026 257 3084 ita
285 3026 460 3088 immediate
483 3029 622 3108 copniari
639 3035 808 3106 oporteret,
831 3033 865 3085 nt
881 3043 985 3084 rernm
999 3025 1028 3083 in
1048 3025 1125 3085 fecta

94 3142 264 3220 positarum
284 3146 420 3204 narratio
443 3146 710 3205 observationibus
731 3142 910 3220 subjectiria
932 3140 1036 3200 nescio
1060 3135 1139 3218 qni?

94 3259 164 3330 bns,
185 3257 389 3332 condiretur,
413 3272 445 3320 nt
467 3260 505 3320 sti
529 3261 654 3320 steriles
675 3276 799 3337 campos
827 3257 976 3317 resiitstis
1009 3265 1125 3315 terres-

94 3376 156 3434 tria
174 3373 348 3452 irrigsnsios
363 3375 473 3436 flovins
490 3375 662 3456 spiritualis
682 3388 719 3435 et
741 3345 830 3434 sacro
846 3375 966 3452 piorem
983 3390 1125 3431 sensuum

94 3491 278 3572 crepntcnio
301 3504 468 3553 emanaret.
513 3484 692 3552 itieaiismns
716 3498 817 3550 antem
833 3490 904 3549 dnm
923 3489 1125 3567 phaenomena

93 3581 226 3671 externo
244 3609 384 3687 negfftgis
408 3616 440 3668 et
464 3611 629 3671 essentiam
652 3611 801 3669 internum
825 3613 943 3684 captet,
961 3625 1018 3685 nen
1039 3605 1125 3682 phec-

93 3745 225 3788 nnmena
247 3726 312 3785 scia
335 3724 451 3784 aditum
477 3726 519 3783 ad·
538 3726 731 3785 existentiam
754 3722 920 3802 spirnaie'm
951 3731 1124 3799 patescere,
