2460 4178
463 76 609 198 ἢ67

532 335 552 413 p
575 335 621 394 ro.

151 485 364 567 Orgarrismnm
386 496 562 555 externum,
585 504 672 563 qvem
695 487 820 564 spiritns
850 464 1020 564 objectirns
1049 491 1093 548 in-

63 606 220 663 trinsecos
242 603 300 662 sibi
321 601 427 681 tingit,
457 603 641 662 intrinsecus
669 620 790 680 quoque
816 602 935 661 tabente
951 610 1093 684 tempore

64 720 230 778 consumit.
280 717 428 794 Qvamdin
460 736 533 776 vero
565 720 595 777 in
623 720 745 778 interno
781 717 959 778 destruendi
996 739 1092 801 opere

63 842 234 913 occupatus
256 840 315 904 est,
335 832 408 893 iicet
433 833 532 894 forma
553 833 736 894 deflorescat
758 842 790 891 et
807 835 906 910 *vigor
939 847 1092 909 senescat,

62 948 172 1010 eadem
194 956 296 1009 tamen
309 948 493 1029 lineamenta
509 959 642 1023 manent,
664 959 696 1009 et
709 951 808 1010 omnia
827 958 897 1010 snut
913 953 1092 1031 tranqniiia;

63 1067 186 1149 qnando
207 1073 308 1127 autem
331 1052 487 1127 maturitas
510 1068 639 1138 venerit,
661 1068 891 1145 parturitum,
914 1072 1092 1131 concutiun-

63 1193 116 1242 tur
136 1185 205 1242 vitae
228 1183 398 1257 clementa,
430 1193 520 1262 atque
547 1183 628 1241 inter
656 1183 780 1244 dotores
806 1183 1092 1249 vehementissimos

63 1317 140 1358 nova
159 1317 265 1357 rerum
280 1298 376 1358 iacies
396 1301 536 1378 erumpit.
570 1300 726 1378 ingenium
744 1304 983 1379 protestantismi
996 1307 1091 1365 servi-

62 1422 160 1473 tutem
180 1413 359 1474 eatiroiicanr
379 1415 503 1494 indigne
527 1414 650 1487 terena,
683 1416 815 1478 libertati
841 1419 1020 1497 subjectivae
1051 1424 1093 1483 ita

62 1530 153 1590 irena
182 1526 390 1613 taxaverat¹)‚
414 1539 448 1590 nt
478 1531 538 1609 ipsi
564 1532 631 1608 ejus
660 1533 849 1610 antesignani
877 1533 950 1594 iude
978 1538 1090 1614 sepius

62 1647 295 1714 horrescerent,
315 1666 408 1727 qvare
430 1666 489 1707 noo
505 1647 616 1706 mirum
632 1653 691 1719 est,
712 1649 792 1726 qnod
812 1650 838 1709 si
850 1653 982 1711 torrenti
1002 1673 1089 1734 agge·

61 1784 150 1836 rem,
178 1763 277 1842 quoad
304 1763 375 1822 fieri
393 1767 508 1842 potnit,
534 1771 694 1823 exstruere
716 1776 786 1825 sunt
806 1768 916 1826 conati.
966 1767 1027 1827 Sed
1053 1770 1090 1830 ad

61 1880 234 1938 doctrinam
254 1880 382 1939 solidam
411 1881 655 1940 constituendam
680 1883 757 1941 nihii
778 1887 877 1962 aptius
889 1901 959 1942 esse
980 1888 1090 1964 potuit,

62 2015 153 2075 qnam
182 1995 304 2075 publica
331 1997 382 2058 iiia
410 1996 481 2056 iidei
502 1996 678 2057 declaratio.
728 1998 875 2058 Distentis
896 2001 989 2070 enim,
1012 2020 1090 2079 quac,

62 2119 96 2171 ut
118 2112 182 2171 tert
202 2113 250 2171 rei
272 2112 362 2184 ratio,
382 2131 506 2191 semper
530 2116 613 2173 iuter
634 2114 816 2192 objectivam
838 2115 1090 2191 scripturaeseri-

62 2233 156 2287 tatem
180 2234 211 2286 ct
233 2236 368 2287 mentem
383 2230 581 2307 subjectivum
593 2226 692 2300 adest,
712 2248 780 2288 cnm
798 2232 828 2288 io
846 2229 898 2288 iiia
911 2233 1090 2308 opinionum

61 2343 247 2403 confusione
268 2341 305 2404 ad
333 2362 453 2404 sacrum
479 2344 619 2404 codicem
642 2362 749 2404 ornnes
771 2342 990 2426 confugerent,
1021 2367 1091 2408 mox
1139 2410 1142 2417 ,

61 2459 198 2532 detecta,
219 2476 279 2519 oon
298 2466 359 2520 tam
380 2459 420 2518 de
442 2461 624 2520 auctoritate
645 2461 809 2539 scripturae
821 2480 907 2539 qvam
928 2465 1031 2541 potios
1052 2464 1092 2524 de

61 2594 137 2635 vcra
166 2576 233 2655 ejus
259 2576 518 2655 interpretatione
552 2576 714 2653 agelastum
753 2576 868 2637 nulium
899 2599 972 2639 vero
1009 2581 1090 2641 aliud

61 2693 327 2771 interpretationis
356 2711 439 2751 verae
469 2691 626 2751 criterium
658 2690 723 2750 dari
752 2702 873 2772 potest,
907 2717 994 2773 qnam
1021 2698 1091 2771 troc,

61 2815 98 2869 ot
125 2826 184 2886 per
210 2807 392 2887 scripturam
418 2807 454 2868 ad
481 2808 676 2885 semetipsam
696 2806 804 2870 redeat
823 2815 1011 2874 conscientia
1032 2814 1088 2872 sni.

61 2924 248 3002 Hajnsmodi
280 2933 384 2985 antem
417 2925 575 2985 criterium
613 2927 825 3001 praestiterunt
854 2929 1090 3004 protestantium

60 3040 210 3120 symbola.

183 3256 210 3306 ct
229 3253 347 3300 nostram
364 3247 565 3312 contessionem,
585 3250 733 3311 eujusmodi
751 3250 895 3302 doctrinam
907 3252 1090 3316 exscriptoris

184 3324 284 3394 sanetis
303 3345 329 3390 et
345 3355 411 3405 paro
429 3338 508 3391 verbo
527 3339 577 3391 Dei
594 3341 721 3392 hactenns
738 3340 777 3391 iiii
792 3341 819 3392 in
844 3342 1040 3395 nostristerris.

183 3439 210 3484 ct
227 3433 254 3484 in
274 3431 395 3483 ecclesiis
410 3431 592 3485 tractaverint.
628 3433 710 3486 Praei.
731 3433 765 3483 ad
783 3433 853 3486 Cres.

87 3520 93 3527 ’
133 3525 160 3594 l)
179 3526 256 3587 Quod
274 3522 391 3574 Lutirero
412 3520 521 3588 scripsit
537 3521 663 3574 Uiriciaas
684 3522 842 3575 liuttenius:
859 3526 967 3578 Wsoire
986 3527 1037 3577 aut
1051 3524 1091 3577 die

181 3616 240 3667 edla
256 3611 386 3666 lireiireit!
405 3613 553 3665 adhortatio
573 3619 639 3682 crat,
657 3629 713 3684 quta
732 3629 791 3666 enm
811 3617 877 3668 satis
897 3616 1089 3683 personuisset,

184 3704 280 3756 milites
299 3704 377 3763 iosus
394 3701 515 3757 diversos
536 3708 569 3758 ad
587 3722 661 3759 arma
678 3706 792 3759 vocavit.

364 3796 534 3888 fl
