2664 4308
108 437 185 478 rum
208 425 381 488 auctorem,
410 419 441 476 iu
463 415 657 479 Atheiamum
681 417 776 498 igitur
800 426 832 480 et
858 437 993 482 eranum
1018 423 1153 506 Pelagin-

110 537 250 595 niemum
270 533 394 605 ineidlt3
418 532 474 592 nell
495 533 734 614 philosophiam,
756 555 823 614 qva
839 545 871 597 et
891 555 994 600 eanum
1016 551 1150 604 mentem

109 661 150 712 et
168 653 315 731 pietntem
339 657 475 710 noctram
498 649 575 710 aleo
603 650 711 725 loetlat,
739 655 804 732 qvia
825 656 857 715 in
880 653 1036 736 theologie
1058 659 1149 721 cliri-

109 770 215 830 atiana
239 769 363 828 toleret.

200 881 297 946 Villea
325 884 420 963 igitur
450 893 587 962 qvoniam
613 886 645 945 in
675 885 900 966 philosophiam
932 894 1147 958 auctoritatem

111 1009 261 1063 exercent
289 999 463 1080 theologia,
493 1019 562 1062 uam
592 1001 651 1064 hae
678 1002 799 1064 ratione
830 1001 938 1062 decem
968 1005 1146 1090 philosophi

111 1135 177 1179 nna
195 1117 273 1179 laura
295 1118 460 1180 eramiucrl
483 1125 624 1197 nunaunt.

586 1311 605 1392 ς
630 1311 678 1370 ιιι.

194 1463 436 1526 θιιιιοᾶιιιιιίιιιιι
466 1473 532 1538 eat,
561 1465 639 1525 lranc
669 1463 856 1542 theologiam
878 1468 980 1527 omnia
1007 1471 1146 1532 veritatla
1199 1443 1203 1450 ι

108 1588 267 1642 momenta
278 1581 413 1655 haltere3
435 1578 642 1642 confitendum
662 1586 721 1650 eet,
741 1579 925 1658 religionem
938 1583 1143 1648 Clrriatiauum

108 1717 182 1759 ecee
211 1699 429 1758 revelationem
455 1698 630 1774 positivam,
663 1695 750 1775 cujua
779 1695 859 1756 itleee
890 1715 947 1776 per
975 1699 1143 1762 abatraclne

108 1823 203 1895 elque
222 1817 388 1894 eprlorican
410 1809 465 1894 (ait
484 1814 572 1874 venia
589 1811 702 1888 verbo)
722 1811 940 1874 meditationes
961 1816 1090 1878 inveniri
1110 1827 1142 1877 et

107 1933 255 2012 explicari
267 1951 327 1992 non
344 1932 477 2010 poncium
501 1929 734 1990 concedendum
749 1939 807 2003 eet,
826 1932 1010 2009 scriptorem
1024 1951 1141 1994 arerem

106 2067 181 2110 ecee
205 2049 354 2110 ‹loetrlnae
386 2067 523 2108 normam
553 2055 585 2108 et
613 2049 714 2110 omnia
736 2049 861 2126 reliqvn.
918 2048 1009 2124 Qvod
1039 2058 1141 2112 aulem

104 2167 288 2246 greviacima
308 2166 374 2226 veri
396 2173 552 2226 momente
563 2171 854 2236 commemorantur,
877 2182 937 2224 uon
956 2167 1052 2244 magia
1069 2168 1142 2228 iude

105 2285 257 2362 aeqvitur,
278 2284 438 2344 veritatem
460 2281 498 2342 ila
512 2285 624 2354 ineaae,
646 2299 732 2360 qvam
748 2281 833 2354 inde,
858 2281 938 2358 qvod
960 2284 1141 2342 omniacor·

104 2401 194 2479 peria
213 2399 336 2460 humani
359 2400 493 2460 membra
509 2405 740 2472 enumerentur,
762 2401 955 2474 aeqvcretur,
979 2402 1012 2456 ot
1035 2398 1139 2472 homo,

103 2516 196 2595 eujus
214 2517 287 2589 aiut,
306 2517 433 2576 viveret.

189 2632 296 2694 Omnia
315 2633 408 2711 igitur
429 2633 557 2711 qvaeetlo
578 2635 608 2692 iu
633 2651 670 2692 eo
692 2636 842 2704 vereatur,
870 2649 995 2709 quanam
1019 2635 1138 2694 ratione

102 2756 261 2810 momenta
282 2750 443 2830 conjuncta
471 2751 533 2809 clnt
561 2756 592 2830 ct
618 2745 849 2827 conjungerem
878 2766 948 2810 num
976 2749 1012 2810 ab
1039 2751 1138 2812 altero

101 2868 137 2927 iu
161 2865 290 2928 alterum
314 2885 406 2926 veruo
425 2867 573 2926 trunaitna
594 2866 655 2926 liat.
700 2865 788 2941 Qvod
809 2866 833 2924 ei
856 2872 942 2926 recte
965 2868 1139 2946 perpende-

101 2984 212 3056 rimus,
234 3001 304 3043 mox
327 2986 452 3044 elucere
475 2983 608 3058 videtur,
631 2983 754 3054 foedus,
785 2983 865 3062 qvod
888 2983 971 3043 inter
990 2985 1082 3046 tidem
1106 2995 1139 3046 et

101 3101 256 3159 rationem
279 3103 463 3176 pactum-uit,
482 3119 543 3160 non
556 3117 625 3158 erre
638 3101 781 3177 solidum,
802 3117 899 3177 neqve
912 3117 1016 3176 pacem
1038 3119 1075 3160 ex
1088 3119 1137 3172 co,

101 3215 184 3296 qvod
208 3217 328 3294 utrique
350 3217 488 3296 legitime
511 3216 634 3289 satialit,
658 3233 728 3275 ease
750 3216 952 3287 conciliatam,
978 3215 1033 3274 aed
1055 3220 1138 3294 peri-

100 3332 204 3392 culum
226 3333 370 3411 utrinqne
390 3335 551 3394 imminere
579 3331 671 3392 modo
692 3329 831 3392 induciae
851 3332 1030 3392 extorsione.
1073 3333 1134 3392 lle-

99 3449 265 3528 spiciamus
281 3450 409 3528 primum
422 3453 613 3522 relationem,
633 3469 700 3529 qvae
715 3460 764 3510 eet
780 3451 863 3509 iuter
879 3447 1136 3528 aubjeotlvtmem

99 3571 133 3626 et
153 3565 403 3645 objecllvitatem.
448 3567 586 3628 hibertus
604 3567 783 3646 arlhjectiva,
810 3583 896 3643 qvam
920 3583 955 3624 ea
978 3565 1135 3646 theologia

101 3683 308 3757 commendat,
330 3694 363 3746 ct
385 3686 475 3744 nimia
497 3685 648 3746 effrenata
677 3701 747 3744 osae
769 3679 900 3754 videtur,
927 3690 958 3742 et
977 3683 1064 3744 aimnl
1089 3683 1135 3742 ni-

99 3799 159 3858 mia
181 3806 317 3861 coartato
339 3809 428 3880 atqve
450 3803 604 3862 reatricta.
657 3801 806 3881 lucipitnr
826 3813 850 3860 a*
864 3798 927 3859 lide
948 3799 1080 3858 hominia
1104 3801 1135 3859 in
