2640 4306
670 190 720 260 7⁰

146 367 149 382 ⁴
181 400 345 485 transit¹);
372 421 496 483 quanam
519 407 619 460 sutem
647 397 693 458 via
719 395 867 456 transitus
896 392 965 463 nst,
991 391 1051 454 etia
1081 389 1226 470 quanio

182 530 239 586 esi.

264 637 359 700 Fiden
374 634 513 696 absoluta
535 637 632 694 toturn
656 628 810 690 homiuem
824 625 889 686 Deo
913 622 1008 684 tradit
1027 629 1118 700 etque
1140 619 1222 680 snb-
1311 672 1312 694 ,

184 757 289 826 mittit,
316 771 411 833 quare
433 756 467 810 nt
485 769 502 810 a
522 754 610 827 perte
632 745 767 824 practica
787 744 897 821 ingens
916 748 1034 800 naturae
1055 739 1221 816 corruptio

184 873 384 932 othonorum
410 883 538 947 operum
564 863 662 922 vilitas
682 859 875 940 agnoscitur,
912 858 954 918 its
975 857 1067 918 etiam
1087 873 1104 914 a
1126 859 1221 932 parte
1312 856 1313 874 ¹

185 988 359 1050 theoretica
369 986 448 1046 ratio
465 979 625 1042 obscurato
642 978 673 1036 iu
690 974 897 1036 obedientiam
919 972 992 1034 utet
1004 967 1219 1052 revocatnn³).
1313 1040 1314 1058 Χ

185 1106 295 1183 Neque
316 1099 476 1164 arbitraria
501 1097 554 1156 iiio
574 1106 713 1170 tempore
731 1098 798 1151 erut
815 1091 944 1150 rationis
964 1087 1146 1150 coercenda
1164 1105 1220 1148 se·
1313 1071 1314 1076 ἵ

186 1221 318 1296 veritas;
339 1218 418 1277 ratio
437 1215 517 1274 enim
540 1208 768 1286 intelligebant
789 1205 967 1268 intellectus
988 1207 1137 1286 vulgaris,
1163 1205 1219 1284 qni
1314 1222 1315 1260 ι

262 1478 289 1549 ¹)
308 1481 350 1532 lta
366 1480 500 1530 lantherus
526 1489 642 1544 qvoqve,
669 1474 729 1525 dnm
755 1474 883 1526 rationem
909 1473 1047 1537 objurgat,
1075 1469 1139 1522 nihil
1165 1486 1222 1521 non
1315 1471 1316 1474 ’

308 1572 372 1638 egit,
390 1587 439 1638 qvo
451 1568 595 1622 saionibus
614 1566 749 1630 objectivis
767 1563 975 1632 imaginibusque
983 1563 1140 1616 relationum
1157 1579 1222 1616 nne·

309 1662 509 1734 taphysicarum
532 1659 676 1712 doctrinam
702 1675 778 1710 suam
797 1659 934 1724 detentat,
959 1673 1040 1726 qnare
1063 1657 1158 1722 etiam,
1184 1675 1222 1709 ue
1316 1649 1317 1652 ¹

309 1776 374 1811 usus
395 1754 528 1825 passionis
543 1770 592 1820 pro
613 1753 694 1816 sacto
717 1751 850 1818 passionis
868 1765 933 1801 aeuo
950 1749 1017 1816 qood
1038 1766 1087 1816 pro
1103 1749 1222 1816 qualiter

308 1855 440 1913 sumatur,
457 1844 562 1896 disertis
579 1843 667 1894 verbis
687 1844 721 1894 ad
734 1841 916 1908 cogitationem
928 1839 1059 1906 confugit:
1076 1841 1131 1892 etit
1143 1843 1220 1891 Den-

310 1941 362 1990 iren
380 1940 433 1990 und
449 1937 485 1987 ist
503 1949 597 2001 genug,
616 1951 646 1986 so
666 1934 722 1986 will
746 1933 790 1986 ich
814 1935 882 1986 anch
902 1935 1018 2000 denken,
1043 1933 1134 1984 baasor
1151 1933 1221 1984 deun

310 2031 348 2081 sie
368 2063 417 2083 ...
434 2031 485 2083 cir.
506 2027 667 2078 Bekintniss
687 2043 748 2079 vom
765 2027 926 2078 Abendmehl
945 2026 1044 2078 Christ.
1063 2027 1143 2090 xlx,
1159 2025 1221 2076 410.

312 2122 499 2174 Melanohthon
516 2121 584 2170 hunc
604 2118 744 2172 transitum
762 2135 780 2170 a
796 2119 990 2184 subjectivitete
1007 2119 1033 2170 in
1051 2117 1222 2181 objectivita-

311 2222 362 2267 tem
374 2216 442 2266 satis
461 2212 582 2278 ostendit,
601 2213 643 2282 qvi
657 2228 715 2264 eum
727 2212 752 2262 in
765 2212 848 2280 qrima
865 2214 982 2264 locorum
1000 2210 1110 2263 editione
1122 2210 1222 2276 (1521)

312 2307 440 2378 mysteria
457 2307 595 2372 trinitatis,
620 2303 809 2356 incarnationis
827 2310 874 2356 eto.
900 2303 1029 2369 omiserit,
1054 2304 1080 2356 in
1104 2305 1223 2369 posteri-

311 2401 400 2451 oribus
416 2405 503 2450 tumen
527 2397 681 2449 editionibus
700 2413 733 2448 ea
758 2413 809 2448 non
834 2397 920 2448 solnm
938 2397 1047 2463 addidit,
1072 2397 1119 2448 sed
1142 2396 1223 2449 etium

314 2489 445 2558 explicare
471 2494 580 2540 conatus
607 2495 656 2542 ost.
699 2490 757 2542 cu.
779 2490 847 2542 Edit.
868 2505 931 2543 ann.
951 2489 1017 2540 154³
1034 2489 1157 2541 absoluta
1175 2487 1222 2556 (In

245 2643 248 2651 ἱ
313 2585 380 2650 opp.
398 2582 487 2637 Viteb.
510 2582 572 2653 ¹⁵5⁰
589 2596 653 2648 pars
671 2583 684 2632 1
702 2597 737 2647 pg
764 2582 836 2648 148).

390 2673 475 2725 Filius
495 2673 588 2724 dieitur
607 2676 696 2738 Imago
720 2679 745 2726 et
764 2671 844 2742 λόγος.
880 2675 930 2724 Est
944 2671 1024 2738 igitur
1040 2672 1129 2738 imago
1146 2673 1223 2738 cogi-

315 2765 413 2817 tatione
430 2765 518 2814 Patris
536 2765 634 2831 genita,
652 2767 719 2833 qvod
737 2771 766 2816 nt
783 2765 959 2832 aliquomodo
978 2765 1138 2818 considerari
1155 2783 1223 2832 pos-

315 2859 359 2921 sit,
380 2860 506 2908 anostra
526 2862 611 2908 mente
629 2858 747 2924 exempla
766 2857 900 2924 capiamus
1004 2861 1082 2909 Mens
1108 2859 1223 2909 hnmana

315 2950 452 3014 cogitando
470 2965 529 2999 mox
548 2950 631 3015 pingit
655 2949 792 3015 imaginem
817 2952 856 3002 rei
876 2949 1011 3014 cogitatu,
1038 2950 1085 3000 sed
1102 2965 1151 3000 uos
1171 2966 1223 3000 nnn

315 3040 507 3096 transfudimus
522 3047 641 3092 nostram
660 3041 801 3093 essentiam
822 3041 848 3092 in
867 3042 928 3093 ilias
947 3041 1074 3106 imagines
1094 3074 1169 3096 ....
1188 3045 1225 3092 nt

316 3140 397 3188 Pater
415 3137 529 3185 aternus
548 3149 609 3184 sese
625 3133 730 3186 intuens
747 3133 831 3198 gignit
842 3134 1023 3198 cogitationem
1039 3134 1092 3196 sui,
1110 3149 1166 3202 gne
1183 3140 1226 3186 est

316 3229 402 3292 imago
416 3225 500 3291 ipsius
519 3241 570 3276 non
586 3241 764 3289 evanescens,
792 3229 839 3278 sed
862 3226 1010 3278 subsistens
1033 3224 1225 3278 communicate

315 3320 365 3387 ipsi
382 3317 500 3371 essentia
518 3353 588 3372 ....
609 3318 711 3370 Dicitur
721 3315 801 3386 λόγος,
819 3319 881 3388 qvia
898 3319 1057 3384 cogitatione
1073 3325 1225 3383 generatur.

317 3412 420 3462 Dicitur
438 3412 545 3472 Imago,
574 3409 635 3478 qvia
652 3409 776 3474 cogitatio
801 3415 843 3461 est
859 3410 946 3475 imago
965 3410 1003 3462 rei
1021 3410 1140 3476 cogiutre
1157 3447 1224 3464 ....

317 3505 358 3552 De
373 3501 442 3552 Filio
460 3517 505 3567 pg.
527 3499 583 3550 152.

273 3593 300 3664 2)
319 3593 437 3645 Hominis
454 3594 603 3647 intellectus
629 3599 655 3648 at
675 3595 743 3646 ratio
760 3593 787 3646 in
812 3593 891 3646 robus
911 3593 1092 3659 spiritualibus
1115 3609 1225 3659 prorsus

319 3689 382 3734 sunt
403 3701 495 3752 coeca,
526 3688 640 3756 nihilque
663 3688 776 3754 propriis
806 3685 906 3738 viribus
931 3685 1076 3750 intelligere
1103 3692 1226 3750 possunt.

321 3779 409 3832 t'orm.
428 3780 557 3831 concord.
570 3781 627 3832 cur.
637 3782 723 3830 ilaue:
743 3782 871 3830 flaturus
891 3779 945 3830 red.
960 3778 1059 3831 ason.
1073 3793 1108 3842 pg
1126 3776 1160 3828 65
1176 3783 1226 3830 etc.
