2460 4178
580 138 629 204 4⁷

94 349 176 424 Quae
198 365 266 406 com
288 347 330 405 ito
350 345 428 415 siet,
447 343 629 403 divisionem
650 341 731 403 illem
753 349 882 403 externo
905 344 997 403 modo
1010 345 1129 404 institui

94 482 158 525 non
185 480 289 542 posse,
310 461 342 519 in
358 458 504 519 conferto
525 465 584 519 est.

182 577 258 636 Cum
291 594 366 634 vero
390 585 536 654 puuctum
553 576 704 653 mysterii,
731 575 782 634 ubi
802 576 900 635 semel
912 577 1012 648 adest,
1031 579 1130 638 omnis

98 701 259 774 penetret;
282 689 473 751 de'seientiu
496 701 601 751 contro
617 690 760 750 concludi
777 697 891 768 potest,
915 711 980 752 eom
996 713 1130 772 quoque,

98 810 222 889 qnando
244 811 340 868 semel
359 807 447 880 adsit,
466 808 504 866 od
528 827 633 866 omnes
651 826 704 865 res
727 807 848 867 dilatori
870 828 978 886 posse,
1002 812 1027 869 si
1049 813 1129 870 enim

98 927 321 1004 impedimento
351 927 491 1004 mysterii
518 924 751 994 succumberet,
775 908 863 982 nulls*
886 927 1009 983 omnino
1036 937 1131 1000 esset,

100 1062 172 1103 cnm
189 1044 234 1102 vis
253 1044 393 1120 mysterii
413 1043 510 1101 ubivis
532 1047 657 1117 regnet3
676 1041 737 1112 vol,
755 1051 788 1100 ut
803 1041 870 1101 eliis
889 1044 989 1101 verbis
1002 1044 1130 1102 enodem

100 1178 169 1221 reru
189 1161 401 1237 exprimemus,
419 1157 562 1216 limitatio
585 1159 723 1216 scientim
741 1166 855 1217 nostre
876 1178 935 1218 non
962 1167 1013 1218 est
1037 1168 1132 1221 mets·

102 1276 231 1355 physion
250 1275 305 1335 sed
321 1276 476 1353 empirica.
502 1274 556 1333 Eae
569 1273 664 1350 leges,
684 1276 794 1351 quibus
812 1276 1014 1354 intelligentis
1027 1285 1131 1337 nostro

102 1393 252 1453 adstricta
275 1398 335 1464 est,
353 1392 385 1450 iu
405 1399 556 1450 ceterorum
579 1393 698 1462 volent3
722 1391 804 1468 qnod
827 1393 917 1451 etium
933 1394 1068 1453 veritatis
1081 1413 1132 1454 os-

103 1517 184 1569 tnrte
203 1509 356 1578 convenit,
375 1507 505 1585 quadrat
525 1509 653 1567 enimin
674 1507 847 1578 veritatem,
869 1509 949 1583 qnod
969 1510 999 1567 io
1024 1511 1132 1583 lleum,

103 1645 173 1685 eom
196 1625 277 1685 hand
303 1625 411 1702 procul
434 1644 449 1682 a
472 1624 610 1702 quolibet
632 1629 770 1682 nostrum
787 1617 1133 1701 esseremotomfflpn'n

103 1739 140 1801 δὲ
162 1733 339 1816 tutatione
354 1733 371 1800 ὃ
389 1735 463 1812 θεὸς
473 1736 526 1800 διὰ
537 1740 576 1801 τᾶ
590 1731 762 1816 πνεύματος
781 1731 870 1813 cici,
892 1740 908 1798 l
932 1739 1005 1803 Cor.
1019 1741 1134 1813 2,1o):

192 1859 294 1932 Quare
308 1842 399 1917 modo
412 1859 598 1917 conscientia
620 1859 668 1916 sui
685 1858 815 1917 bumana
832 1855 986 1936 objectum
999 1859 1133 1919 divinum

103 1985 200 2052 atque
217 1975 302 2034 reale
327 1982 505 2034 constanter
526 1981 642 2048 teneat,
665 1984 816 2034 momenta
840 1975 909 2053 ejus
931 1974 1042 2033 sedulo
1062 1994 1134 2053 per·

228 2166 1136 2234 Vcrhitltnissenuderselbstgottcsltsterlichconsequentcntlalvins

228 2261 263 2312 ist
282 2263 340 2311 also
358 2262 427 2311 knrz
451 2259 535 2310 diese:
556 2259 684 2322 Scligkcit
701 2261 752 2308 und
765 2258 905 2321 Heiligung
916 2258 952 2307 ist
964 2261 1029 2309 nuclr
1046 2260 1137 2310 beiden

227 2370 278 2406 nur
289 2353 330 2404 cin
343 2354 434 2404 Werk
450 2352 496 2402 der
506 2351 646 2416 gottlichen
656 2351 754 2415 Gnade,
774 2349 975 2402 Vardammniss
986 2350 1041 2401 eine
1054 2351 1136 2416 Folgc

228 2449 274 2498 der
286 2447 377 2510 cignen
389 2446 496 2497 Schuld.
520 2446 660 2498 thhrend
676 2445 739 2496 abcr
755 2461 808 2495 uon
822 2443 862 2494 die
880 2444 1137 2497 Concordient’ormel

228 2540 360 2603 demttthig
367 2537 408 2591 bei
416 2538 513 2590 diesem
522 2540 649 2589 letztereu
658 2536 834 2588 Satacstehen
843 2535 949 2591 bleibt..
959 2572 965 2585 .
976 2569 984 2588 .
994 2551 1121 2598 argument

232 2631 278 2682 tirt
295 2632 390 2682 Calvin
408 2633 499 2683 weitcr
518 2636 566 2681 etc.
602 2630 712 2689 Quando
731 2644 794 2679 vero
810 2626 936 2678 Guerikio
963 2628 1058 2677 addere
1079 2629 1138 2693 pla·

232 2724 300 2775 cuit:
325 2726 389 2774 (tota
406 2724 464 2774 also
483 2724 528 2773 hot
546 2722 630 2772 selbst
647 2720 687 2772 die
705 2712 792 2771 Stlnde
811 2720 856 2770 der
868 2721 1012 2771 Menschen
1024 2721 1138 2784 gewollt.

232 2816 410 2884 Dieselctrte,
423 2815 614 2879 nothwendigc,
623 2816 654 2866 ob
662 2813 1004 2866 suchnochsobembntclte
1010 2812 1139 2862 Sohluss-

231 2911 301 2973 tolga
321 2943 446 2964 ......
471 2911 521 2961 hoa
545 2925 614 2959 nova
640 2908 808 2959 conclusione
834 2909 997 2969 afferrenda,
1020 2906 1046 2955 in
1070 2904 1140 2970 piem

232 3003 414 3069 reverentiam,
435 3018 512 3070 quam
543 3001 569 3051 in
592 3000 720 3051 Formula
745 3001 897 3051 concordie
932 2999 988 3063 ipsc
1012 2997 1139 3062 laudavit,

232 3110 357 3160 peccasse
376 3094 477 3145 videtur
483 3114 492 3160 3
511 3109 558 3144 noc
578 3094 673 3158 dubito,
692 3091 753 3158 quin
772 3091 916 3152 Calvinus,
935 3087 958 3136 si
976 3086 1054 3136 etiem
1072 3103 1140 3139 nuno

232 3186 258 3237 in
285 3184 355 3236 vivis
382 3190 469 3245 esset,
492 3183 582 3233 iisdem
600 3187 656 3234 t’ere
682 3179 786 3240 verbis,
812 3179 903 3246 quibus
931 3177 1140 3242 intempestivam

232 3276 364 3327 bominum
381 3275 563 3325 curiositatem
578 3277 634 3334 jem
653 3273 733 3324 semel
751 3272 931 3337 reprehendit,
954 3271 1139 3335 responderet:

233 3369 370 3435 Arripiunt
386 3367 481 3434 subito,
499 3369 594 3432 fateor,
614 3367 718 3433 profani
730 3364 848 3417 homines
865 3364 890 3414 in
904 3363 1139 3428 predestinationis

233 3461 353 3525 materia,
372 3461 440 3526 quod
457 3460 632 3527 vel-carpant,
650 3460 692 3511 vcl
708 3459 874 3524 cavillentur,
893 3457 934 3508 vel
948 3457 1081 3522 ellabant,
1099 3457 1142 3509 vel

234 3555 405 3605 subsannent.
441 3554 477 3600 nt
494 3551 519 3601 si
537 3567 585 3601 nos
602 3552 732 3602 absterret
749 3566 838 3602 eorum
849 3549 1013 3616 praescitae,
1032 3551 1144 3601 celanda

235 3652 311 3698 erunt
335 3643 467 3712 praecipua
489 3660 594 3712 quoque
619 3642 680 3694 ndei
704 3645 836 3707 dogmate,
889 3644 1015 3709 (institut.
1047 3641 1144 3693 christ,

236 3739 285 3790 rel.
305 3740 344 3787 De
364 3735 483 3801 praedest.
505 3753 564 3802 cop.
583 3735 680 3802 xlv).
