2460 4178
640 117 692 185 28

157 326 256 385 sitiri·
288 331 451 394 exercent3
485 321 619 400 postulat
648 339 781 399 quoqne,
815 328 847 382 ut
878 323 962 382 notio
992 343 1049 403 per
1075 343 1188 388 enses

158 441 403 501 nadillartiones
424 439 625 499 individuales
651 437 835 509 illustretur,
855 456 912 515 qus
933 438 965 497 is
988 459 1024 500 re
1050 441 1190 504 liberlrti

154 526 358 636 cogitationis
400 556 517 634 optim'e
549 554 694 615 consulit.
754 553 885 614 Maxima
913 573 988 614 saue
1025 564 1073 615 est
1101 557 1187 618 vola·

155 673 257 756 illitus
273 691 343 731 cum
365 673 540 749 systematis
568 679 633 730 tum
661 671 810 743 notionis;
837 677 971 748 systema
1001 673 1083 732 enim
1112 675 1188 752 quid

155 788 237 847 eliud
268 789 349 865 ogit,
383 789 441 847 nisi
468 793 503 846 ut
536 787 637 847 omnia
672 787 806 846 notionis
834 794 1002 861 momenta,
1036 795 1187 866 quatenus

153 922 189 964 se
217 904 347 963 invicem
376 904 547 982 excipiant,
574 900 717 962 evolvat?
752 903 838 960 notio
865 908 965 962 autern
1001 904 1073 982 quid
1101 905 1186 965 uliud

153 1026 212 1092 est,
234 1039 324 1098 qnam
345 1021 425 1078 ideae
447 1020 631 1096 praegnantis
653 991 839 1096 erplicrttot
882 1018 929 1076 Ex
958 1020 1080 1080 interna
1103 1022 1185 1081 idem

154 1136 344 1214 plenitudine
371 1137 511 1195 oriuntur
526 1144 672 1221 'externae
695 1136 741 1193 rei
764 1134 1025 1208 modificationes,
1058 1157 1129 1217 quae
1158 1139 1185 1198 si

153 1237 344 1311 extrinsecus
379 1231 590 1324 observantur,
618 1250 858 1310 innumerabiles
890 1252 1014 1330 quidem
1043 1261 1118 1312 sunt
1154 1263 1185 1313 et

151 1365 367 1440 accidenlrles,
392 1387 450 1426 nec
472 1368 593 1426 deliniri
616 1373 763 1444 possunt,
793 1368 840 1426 rin
865 1376 965 1428 autcm
979 1371 1184 1430 'intrinsecus

150 1483 397 1556 considerantur,
419 1503 455 1543 ex
483 1485 577 1563 ipsius
601 1482 681 1542 ideae
708 1484 735 1541 ri
761 1485 791 1542 in
812 1502 847 1542 se
866 1483 992 1545 delinito
1014 1485 1182 1564 prodeunt,

149 1607 244 1678 utque
265 1603 320 1673 its,
342 1603 415 1661 licet
435 1601 564 1661 inlinitae
585 1600 657 1668 sint,
680 1599 881 1659 deliniuntur.

234 1719 309 1794 Qum
331 1737 398 1777 cum
419 1720 460 1778 ito
484 1720 561 1790 rint,
590 1715 723 1774 notionis
752 1717 922 1776 necessitos
954 1716 1084 1776 libertati
1109 1719 1183 1778 vitae

150 1851 212 1891 non
235 1833 429 1891 adversatur.
512 1868 515 1875 -

237 1949 348 2027 Neque
365 1955 528 2026 propterea
549 1948 630 2024 quod
659 1967 761 2008 veram
785 1954 1009 2008 momentorum
1032 1952 1102 2031 ritae
1126 1971 1181 2012 er-

149 2067 333 2144 positionem
350 2065 477 2124 arbitrio
490 2065 660 2144 subjectivo
681 2083 741 2124 non
753 2065 965 2143 relinquimus,
988 2075 1180 2128 momentum

148 2181 299 2240 libertati
310 2182 670 2260 subjectivaenegligitnr.
681 2180 1180 2260 Camenimempirispeculetirs

147 2297 411 2375 empiriaernlgari
425 2298 545 2358 infinite
560 2295 746 2376 respondeat
761 2304 793 2355 et
806 2298 842 2356 ab
859 2317 894 2358 ea
908 2299 1027 2357 inlinite
1044 2299 1180 2373 differet,

146 2415 298 2490 quaeritur
315 2413 482 2492 ingenium,
498 2413 647 2491 quaeritur
660 2412 740 2470 idem
754 2414 1119 2494 immediateindrgandoe
1132 2416 1180 2478 fa-

144 2529 251 2602 cultas,
270 2536 536 2588 ntmomcntorum
550 2527 766 2607 impeditorum
781 2527 852 2589 nodi
867 2532 1176 2608 recteexpedientur.

550 2732 740 2830 ,3⁶ae

227 2883 305 2958 Qum
321 2881 422 2942 udlruc
437 2881 592 2962 disputata
612 2888 696 2955 sunl,
718 2882 743 2941 ei
763 2884 793 2942 in
812 2901 959 2943 summam
974 2884 1176 2963 rediguntur,

144 2997 294 3071 videmus,
320 3004 384 3056 tres
406 3017 473 3058 esse
488 2999 610 3077 gradus,
635 3018 711 3077 qnos
726 3001 861 3077 cognitio
884 3007 990 3060 nostra
1003 2981 1185 3080 percurrat,

142 3113 230 3174 Unus
249 3116 331 3173 enirn
349 3115 489 3192 empiriae
511 3114 638 3195 vulgari,
660 3135 718 3194 qua
738 3116 868 3175 forsitan
886 3115 1036 3189 fruamur,
1057 3117 1174 3180 valedi-

142 3247 213 3289 cere
247 3237 279 3288 et
308 3232 339 3290 in
369 3231 512 3310 Logioam
537 3234 753 3309 speculativam
787 3234 923 3291 transire
951 3233 1057 3312 jubet,
1092 3234 1174 3296 elter

142 3347 336 3420 negationem
360 3347 496 3433 Logicee,
514 3348 650 3407 afferens
672 3350 702 3408 in
727 3355 843 3408 vastum
871 3351 1010 3427 empirice
1036 3351 1172 3429 vulgaris

140 3462 369 3520 accuratissime
386 3463 584 3540 inspiciendae
604 3482 742 3543 cumpum
760 3484 816 3526 nos
836 3466 931 3540 ducit,
953 3469 1063 3548 tertius
1075 3472 1172 3530 rsti'o·

132 3589 212 3673 ..nem
236 3577 420 3655 objectivum
449 3580 478 3638 ln
503 3580 631 3659 speculo
658 3582 800 3659 empirice
826 3583 1022 3661 speculativae
1046 3589 1171 3666 conspi-

258 3693 350 3753 sistit.
