2460 4178
639 85 690 155 26

155 291 314 365 dilisrnnt,
335 289 418 371 quod
439 295 501 363 ias,
523 309 592 369 quae
613 291 769 366 existunt,
793 291 862 351 haec
893 293 936 353 ita
955 291 1127 370 conjungit,
1149 299 1177 353 nt

155 409 310 493 nonnullis
345 405 469 486 quidem
487 407 563 466 locis
584 405 763 479 concidant,
784 408 865 468 intra
895 408 1047 468 terminos
1073 413 1177 480 ιιιιιιιι,

156 525 265 602 quihus
299 522 608 594 circumscribantur,
637 529 789 601 separatae
814 531 974 596 maneant3
992 524 1059 585 illa
1082 529 1177 587 annu
1204 526 1223 589 ,’

155 640 266 712 eflicit,
279 639 474 715 utlmomentr
483 639 580 698 ubivis
588 639 763 712 concidant,
783 645 816 698 et
830 657 899 699 aeae
912 639 1178 701 invicemaltcram

154 758 284 817 alterum
307 762 479 835 penetrent.
530 755 610 815 Hinc
637 763 738 816 autem
762 755 921 833 sequitur,
948 762 983 814 ut
1003 756 1035 815 in
1058 757 1179 836 empiria

154 873 309 950 vulgaria
335 873 514 933 diversitate
533 873 805 950 phaeuomenorum
829 871 1044 946 describenda,
1068 875 1180 935 unitate

153 991 326 1051 formaliter
348 990 467 1063 audita,
484 989 666 1066 incipiatur,
687 989 719 1047 in
739 989 857 1066 Logica
875 993 975 1046 autem
995 989 1180 1068 speculativa

153 1108 192 1167 ah
215 1108 329 1167 unitate
349 1107 380 1164 in
402 1103 613 1163 diversitatem
636 1104 885 1182 progrediamur.

240 1221 273 1282 ln
296 1220 412 1299 Logica
429 1217 565 1296 vulgari,
601 1219 651 1279 uhi
689 1223 833 1279 notiones
866 1219 1031 1279 abstracte
1062 1237 1120 1298 per
1149 1237 1181 1279 se
1222 1292 1224 1303 Ι

155 1345 310 1410 tenentur,
336 1357 385 1397 res
409 1337 484 1412 ipsae
518 1353 573 1410 per
595 1353 630 1394 se
652 1335 826 1409 habentur,
856 1307 1037 1396 nihiladco
1063 1333 1181 1414 fugier-
1221 1314 1224 1371 ¹

154 1452 226 1514 dum
244 1461 310 1526 est,
333 1472 421 1532 quam
446 1449 667 1525 contradictio,
692 1472 761 1513 cum
782 1453 864 1511 enim
886 1470 938 1510 res
957 1470 1027 1510 rese
1051 1451 1180 1511 invicem

152 1572 312 1650 attingant,
336 1590 405 1630 cum
428 1569 497 1628 haec
517 1569 558 1627 sit
576 1568 622 1626 rei
645 1573 762 1639 natura,
783 1575 817 1627 ut
834 1588 851 1628 a
869 1569 966 1646 spatio
981 1585 1039 1626 suo
1051 1566 1181 1627 alienum

153 1687 359 1765 quodcunque
385 1689 556 1755 removeat,
580 1681 733 1760 quomodo
757 1701 809 1742 res
838 1683 976 1744 Asinrul
999 1681 1060 1743 dici
1084 1684 1182 1762 possit

119 1860 122 1866 ,
152 1809 185 1860 et
204 1819 274 1859 esse
295 1808 328 1860 et
349 1819 410 1859 uon
431 1817 500 1857 esse
526 1798 648 1870 eadem,
667 1817 736 1875 quoe
756 1818 807 1858 res
828 1800 863 1858 ll.
897 1799 1052 1865 Ubinam
1074 1800 1180 1860 intriu-

153 1933 243 1976 sccus
264 1916 470 1992 consideratio
496 1917 682 1986 instituitur,
710 1934 769 1974 non
795 1916 835 1974 de
860 1934 961 1975 rerum
989 1916 1180 1988 diversitate,

152 2033 208 2092 sed
228 2032 269 2093 de
286 2032 404 2094 infinita
429 2042 653 2093 momentorum
677 2032 875 2108 congruentia
903 2031 1034 2105 dicitur,
1062 2040 1096 2094 et
1118 2040 1179 2095 tom

152 2149 358 2211 contradictio
381 2151 517 2210 absoluta
541 2152 737 2228 semetipsam
758 2148 848 2209 toltit.

146 2330 149 2334 ⁴
237 2265 311 2326 lude
329 2267 412 2339 lites,
434 2287 502 2346 quae
522 2269 604 2328 inter
630 2267 820 2326 intellectum
853 2265 1008 2344 vulgarem
1031 2273 1064 2325 et
1087 2267 1180 2326 ratio·

81 2430 88 2438 .
152 2402 222 2445 nem
250 2383 465 2461 speculativam
488 2402 576 2459 quiam
601 2383 741 2460 plurimae
764 2389 913 2461 aguntur,
947 2382 1090 2460 explicari
1109 2405 1179 2463 poa·

152 2505 233 2561 sunt.
296 2499 373 2560 h'am
410 2495 534 2575 indigne
568 2497 632 2557 fert
665 2498 843 2558 intellectus
877 2501 1027 2578 vulgaris,
1056 2504 1179 2581 quondo

150 2617 283 2692 regulas,
301 2633 375 2693 quas
396 2608 584 2674 certissimas
595 2615 741 2692 omnique
763 2617 945 2694 exceptione
963 2617 1096 2697 majores
1110 2640 1179 2683 esso

149 2731 318 2808 agnoverit,
342 2751 382 2790 er
400 2731 501 2792 nihilo
521 2731 603 2790 nihil
624 2733 706 2805 lieri,
726 2734 793 2791 tria
816 2753 881 2792 non
903 2754 1098 2808 essetecum,
1118 2757 1180 2800 nec

149 2867 250 2909 unum
278 2867 347 2906 ease
373 2849 459 2916 trio,
486 2847 516 2904 in
538 2845 650 2922 Logica
678 2846 863 2922 speculativa
889 2847 1034 2926 pedihus,
1070 2858 1105 2911 ut
1135 2853 1179 2914 ita

150 2961 259 3035 dicam,
281 2961 474 3020 conculcatas
494 2961 587 3021 videt.
630 2959 748 3020 Verum
773 2963 994 3023 observandum
1017 2971 1076 3038 cst,
1099 2967 1179 3028 hanc

149 3077 303 3154 duplicem
317 3077 471 3155 Logicam,
493 3084 525 3138 ut
543 3077 702 3159 empirlam
724 3077 890 3156 duplicem,
914 3098 973 3138 non
994 3081 1180 3160 simpliciter

149 3193 333 3253 seinvicem
358 3195 470 3252 tollere
489 3201 521 3254 et
541 3194 708 3266 conticere,
726 3193 782 3253 sed
813 3193 881 3253 haec
903 3195 1002 3255 omnia
1023 3201 1179 3273 cpntrariu

148 3308 309 3367 ediverso
331 3310 378 3367 rei
400 3310 577 3387 spectandae
601 3310 670 3368 loco
693 3310 780 3382 oriri,
805 3312 936 3370 ut-mira
958 3311 1177 3375 indeconcor-

146 3421 197 3482 dia
225 3421 353 3482 'discors
389 3427 475 3485 inter
502 3425 679 3504 Empiricos
715 3431 747 3484 et
777 3424 984 3505 Philosophos
1019 3438 1175 3493 nascatur.

145 3533 256 3616 Neque
269 3542 349 3600 enim
364 3541 557 3620 Philosophi,
581 3542 702 3620 quando
720 3541 996 3604 contradictionem
1004 3544 1175 3609 aholutam

69 3632 370 3904 'ammentant
391 3664 483 3735 atque
502 3637 698 3718 identitatem
708 3658 831 3731 docent,
852 3658 1027 3720 intellectus
1042 3661 1178 3745 vulgaris,
