2460 4178
575 138 652 207 ub

182 346 260 406 Gom
296 323 415 407 oirobm
438 344 593 405 conatum
626 344 769 424 disoipuii
797 346 928 424 primum
962 366 1129 426 cougrega-

96 471 219 537 reotur,
238 470 303 523 tam
323 480 400 522 asae
416 461 481 542 jam
500 461 627 541 spiritus
648 462 743 521 tacite
763 480 819 522 eos
835 462 988 536 trabebat,
1008 465 1064 524 aed
1085 467 1128 525 its

97 590 132 642 et
154 599 193 641 aa
217 581 281 659 ipsa
298 579 467 640 Seirateria
490 595 620 658 persona
644 577 820 639 immediate
846 581 1000 652 etaoeret3
1031 601 1127 660 quare

96 696 273 776 Phidippus
282 695 513 767 Natbaaaetem,
528 693 911 756 debiessiaNauaretbeuo
925 696 1127 773 haesitantem,

95 814 178 874 saite
194 812 393 875 exhortatum
406 806 505 897 Ἔρχιι
521 809 573 870 καὶ
590 807 647 873 ἴδε.
689 809 778 887 (dois.
802 811 829 883 i,
852 809 920 886 47).

180 928 261 990 Gom
287 946 362 989 vero
388 927 519 1007 apostoli
546 927 673 988 cbristo
697 927 880 1006 'aspiciendo
915 935 947 988 et
973 931 1128 999 audiendo

95 1047 173 1107 satis
194 1046 326 1120 eruditi,
353 1050 484 1105 mortem
512 1042 579 1122 ejus
606 1043 769 1112 vidissent,
796 1062 867 1103 euru
896 1054 964 1123 post
989 1043 1125 1111 resuere.

97 1163 232 1222 ationem
259 1163 447 1232 iliustratus,
471 1160 557 1219 reiut
579 1161 610 1218 iu
636 1159 769 1219 continuio
792 1160 954 1237 utriusque
976 1169 1064 1245 regui
1093 1177 1127 1229 et

96 1279 247 1339 natanta
264 1285 297 1338 et
318 1278 489 1349 terrestris,
515 1277 723 1349 constitisset,
752 1295 854 1337 reram
877 1278 1128 1344 individualitatis

97 1401 192 1473 atque
205 1396 442 1456 uniuersalitatis
467 1393 659 1452 identitatem
682 1411 746 1470 prae
764 1411 797 1451 se
815 1393 932 1468 feneus,
953 1414 1022 1457 oum
1040 1399 1127 1460 deui-

97 1529 162 1590 qoe
181 1511 359 1572 elevatusia
381 1510 503 1570 coetum
521 1527 574 1567 eos
587 1508 773 1586 aliquamdiu
790 1511 1040 1573 meditationibus
1052 1517 1128 1587 suis,

95 1648 155 1708 ape
171 1629 321 1689 Panoteti
342 1626 455 1699 addite,
473 1625 669 1702 reliquisset:
688 1632 752 1683 tum
770 1643 843 1684 seue
863 1628 1029 1690 mediatum
1050 1642 1127 1705 erat,

96 1744 181 1823 qaod
203 1745 379 1805 immediate
395 1743 553 1824 apparuit,
576 1740 755 1801 miraeutoaa
777 1744 905 1821 spiritua
930 1746 1064 1806 emissio.

182 1864 331 1942 Negatum
347 1868 416 1920 erat
430 1865 591 1919 externum
604 1855 719 1916 Christi
734 1843 967 1937 pbaeuomenou,
985 1870 1018 1922 et
1030 1864 1128 1925 inter·

98 1996 189 2058 pres,
214 1981 267 2058 qui
289 1979 447 2061 etiamtum
474 1977 504 2036 iu
532 1976 640 2034 animis
671 1974 800 2046 istebat,
828 1979 931 2037 subito
952 1979 984 2038 in
1008 1979 1127 2057 pienum

96 2096 298 2155 oooseieutiae
330 2095 430 2154 iucem
461 2093 587 2173 prodiit.
643 2092 746 2166 Quare
775 2099 808 2150 ut
834 2093 1000 2172 proeoiarus
1026 2096 1129 2158 fureret

98 2210 245 2275 Gbristus
268 2213 298 2271 iu
328 2209 441 2270 maudo
468 2219 616 2280 esterno,
651 2209 695 2266 ita
718 2207 783 2286 jam
814 2209 1070 2286 praeeieriasimas
1096 2215 1128 2272 iu

98 2346 197 2407 reguo
224 2329 393 2388 animarum
423 2330 557 2387 interno.
611 2325 656 2384 bia
682 2324 791 2382 relatio
817 2325 899 2384 iuter
925 2327 1129 2389 immediatam

98 2443 218 2504 curtari
245 2443 442 2523 praesentiam
471 2453 502 2502 et
529 2441 698 2501 efiieeeiem
725 2440 874 2518 Spiritus,
901 2444 938 2502 eb
967 2462 1007 2502 eo
1034 2447 1130 2518 missi,

98 2560 254 2640 singaiare
277 2563 377 2620 aetstis
395 2561 573 2638 spostoiieae
595 2559 749 2636 ingenium
771 2560 944 2620 eorrstituit.
990 2561 1136 2640 despici.

99 2679 164 2736 eati
189 2678 283 2755 igitur
302 2684 399 2736 totam
423 2675 542 2736 curiati
572 2676 662 2734 vitam
685 2691 754 2733 mos
784 2676 945 2752 apparebit
972 2679 1052 2737 ratio
1078 2680 1131 2738 itta

98 2791 273 2869 reciproca.
322 2792 584 2869 Quemadmodum
614 2791 695 2849 enim
722 2790 781 2849 vite
811 2792 878 2870 ejus
910 2794 1029 2869 publiea
1061 2814 1132 2874 pro-

101 2910 169 2988 pios
198 2909 235 2968 ed
263 2908 524 2987 puaennmemtem
556 2908 695 2966 bistorioa
725 2909 897 2968 restitutam
919 2909 1055 2983 secedit,
1090 2913 1130 2970 ita

100 3032 339 3086 ornamentum
365 3027 535 3085 intuitiouis
559 3025 730 3103 praevaient,
761 3035 913 3102 sequente
933 3027 1059 3104 spiritus
1079 3046 1132 3085 ex-

101 3143 285 3221 piieatioue:
316 3145 362 3202 sio
384 3145 479 3220 gioria
505 3143 573 3221 ejus
596 3139 674 3218 apud
701 3148 816 3217 patrem
842 3143 980 3218 proxime
1004 3153 1133 3222 apparet

103 3261 262 3320 meditanti
291 3261 430 3341 spiritui,
461 3260 603 3319 terrestri
632 3258 698 3336 rjus
724 3258 784 3315 rita
809 3257 932 3317 edocto.
986 3260 1134 3319 introitus

101 3387 203 3437 aetem
227 3379 256 3436 is
279 3378 423 3436 mnodum
449 3387 542 3455 etque
568 3377 667 3434 exitus
693 3393 710 3430 e
731 3374 846 3432 muodo
873 3377 992 3450 speeies
1014 3378 1132 3435 revele-

103 3498 195 3558 tionis
223 3494 366 3564 exhibet,
399 3513 467 3571 quae
497 3495 576 3551 iuter
606 3493 776 3549 realitatem
812 3491 1074 3568 pbaeuumerraiem
1103 3502 1135 3552 et

102 3614 296 3673 identitatem.
312 3611 501 3689 spirituatem
526 3629 580 3686 pro
601 3610 646 3667 rei
669 3617 774 3666 notura
791 3609 947 3682 vseiiteut3
966 3629 1060 3688 quere
1082 3612 1133 3686 qrri

103 3730 232 3808 Spiritui
254 3729 346 3786 iidem
370 3745 429 3786 ιιιιιι
452 3725 554 3796 babet,
580 3727 737 3786 historiam
760 3728 888 3785 mutilat.

867 3856 871 3861 «
902 3829 933 3878 to
