2664 4308
207 428 296 470 usum
314 425 400 468 onam
423 407 605 466 corruerint?
624 403 781 466 hhorroca
795 405 933 484 Baptista
942 409 1085 486 spiritum
1097 421 1238 474 utimum

208 525 323 606 uidisse
340 525 399 583 ribi
417 525 500 584 risun
522 529 581 594 est,
600 520 778 582 cedrenum
798 523 970 584 columbam
985 526 1238 604 uulgaremlorte

206 641 441 706 transoolootem
454 633 581 714 vidit¹).
612 637 764 699 Putabsut
786 638 911 718 quidem
923 641 1064 718 apostoli,
1077 641 1238 704 cliristam

206 766 236 822 iu
263 767 367 820 monte
395 757 578 817 illustratum
603 773 672 814 oum
710 754 801 816 lllose
828 764 921 835 atque
950 757 1019 818 Elia
1048 761 1237 822 collocatum

205 898 290 948 cases
312 877 339 936 si
354 894 427 934 vero
447 873 618 934 accuratius
639 872 670 932 io
694 891 758 932 rem
781 875 876 949 ipsam
902 875 1040 954 inquiris,
1061 879 1236 955 apparebit,

205 995 373 1073 discipulos
395 1011 449 1070 per
465 990 545 1050 illam
559 997 680 1050 noctem
694 989 876 1051 dormivisse
889 993 1068 1069 somniaque
1080 993 1236 1066 habuisse,

205 1109 441 1189 expergefactos
461 1112 561 1166 autem
580 1109 739 1185 oculisque
760 1107 835 1166 sotis
855 1108 958 1184 politia
979 1107 1138 1170 Christum
1165 1109 1236 1170 luce

205 1227 351 1314 matutina
383 1225 543 1282 lustratum
576 1220 786 1301 aspexisse²).
842 1223 919 1300 Quos
948 1237 1015 1284 com
1045 1225 1086 1285 ita
1107 1227 1186 1299 sint,
1207 1229 1235 1287 ai

204 1363 305 1404 veram
335 1359 438 1399 rerum
468 1346 623 1417 gestarum
650 1343 819 1400 realitatem
841 1341 986 1418 respicis,
1011 1362 1071 1402 non
1105 1345 1235 1406 multam

204 1459 332 1521 dill'crre
353 1455 474 1516 videtur
496 1455 624 1514 liistoria
646 1475 731 1516 soora
752 1457 788 1516 ab
811 1457 939 1517 historie
967 1449 1106 1536 profana.
1155 1461 1234 1522 Nam

204 1585 235 1637 et
261 1575 390 1655 gentiles
415 1573 534 1631 tonitru
556 1591 592 1631 er
615 1573 783 1650 improuiso
807 1573 943 1633 anditum
965 1593 1070 1634 vocem
1085 1575 1141 1636 llei
1162 1596 1234 1638 esse

202 1670 427 1774 agirnsoebant5
461 1709 566 1750 eornm
604 1708 724 1769 qnoque
762 1689 957 1768 legislatores
983 1691 1067 1768 leges
1099 1713 1169 1753 suaa
1195 1693 1234 1756 ad

203 1811 297 1871 lleum
320 1816 478 1868 auctorem
503 1807 698 1878 relereboot3
720 1807 792 1866 item
816 1826 854 1866 ex
867 1808 964 1867 avium
980 1805 1118 1890 rolatu³)
1140 1805 1235 1890 (sicut

203 1946 240 1988 ex
270 1927 320 1986 illa
361 1924 500 1984 columba
534 1923 691 1982 lohannes
720 1921 873 2002 Baptista)
903 1927 1003 1986 omnia
1030 1929 1233 2006 accipiebant,

202 2061 332 2120 comque
354 2041 502 2100 heroibus
524 2041 588 2098 suis
609 2048 712 2118 patres
731 2038 849 2100 divinos
862 2043 1001 2102 tribuere
1024 2055 1171 2118 amarent,
1195 2067 1232 2106 ex

201 2157 368 2236 virginibus
388 2157 579 2240 polissirpom
596 2152 683 2218 natos
703 2177 756 2217 cos
777 2175 845 2216 esse
862 2157 1079 2242 credebaut⁴).
1117 2163 1233 2242 Neque

202 2283 301 2335 tamen
331 2273 448 2334 idcirco
482 2274 626 2336 historias
655 2295 751 2335 sacres
776 2274 938 2352 scripturae
965 2277 1049 2354 parvi
1079 2281 1232 2340 estimare

201 2399 346 2470 oportet·,
382 2411 449 2450 nam
479 2411 547 2450 oum
579 2392 666 2450 multi
689 2392 832 2451 homines
851 2409 888 2450 cx
916 2390 1054 2470 deliquio
1075 2395 1106 2453 in
1125 2396 1232 2471 linem,

201 2510 354 2570 nescimus
373 2523 545 2587 quemnam,
564 2508 757 2578 reviviscant,
777 2506 962 2567 celebranda
978 2516 1025 2568 cst
1038 2511 1231 2587 providentia

203 2627 269 2696 liei,
294 2626 345 2703 qui
370 2626 411 2683 ita
433 2645 484 2683 res
507 2623 685 2684 morlcrassc
705 2623 843 2697 videtur,
873 2631 906 2682 ut
932 2623 1024 2684 homo
1047 2625 1100 2684 ille
1125 2628 1231 2706 perie-

201 2741 355 2800 ctissimus
377 2745 469 2816 alque
495 2741 755 2818 religiosissimus,
777 2742 827 2818 qui
846 2742 933 2801 nobis
956 2745 1096 2822 exemplo
1115 2763 1230 2823 propo·

200 2859 277 2920 situs
300 2865 357 2928 est,
381 2859 411 2916 in
436 2857 526 2914 vitam
548 2854 680 2927 rediret,
703 2863 737 2916 ul
759 2855 919 2934 discipulis
945 2859 1008 2918 sois
1029 2861 1141 2920 boumn
1164 2865 1230 2922 aui·

200 2993 282 3036 mom
307 2972 455 3044 adderet;
478 2980 507 3030 et
529 2974 556 3032 si
579 2991 616 3032 ex
639 2973 706 3052 ejus
729 2975 961 3032 resurrectione
983 2972 1020 3032 od
1043 2977 1230 3047 immortali·

268 3241 294 3310 ¹)
313 3247 368 3296 Der
396 3243 492 3308 heiliga·
510 3243 587 3295 Geist
603 3245 675 3295 lrsno
692 3243 763 3295 nicht
789 3243 838 3295 wia
865 3244 921 3295 eine
947 3243 1035 3294 roano
1070 3244 1117 3296 mit
1142 3243 1228 3298 sloht-

318 3337 397 3388 borer
419 3335 524 3386 Gestolt
547 3336 756 3402 herubgeiuhreo
782 3351 865 3404 seyr,
880 3337 945 3388 deco
963 3352 993 3388 er
1008 3336 1046 3388 ist
1062 3337 1155 3388 Gottcs
1174 3353 1228 3389 on-

318 3430 449 3482 nichilare
468 3428 569 3480 uberali
596 3427 740 3482 wirksome
758 3431 852 3492 Kralt,
877 3427 928 3480 nia
953 3428 1026 3480 notu
1049 3429 1119 3482 diseo
1142 3431 1229 3482 collon

319 3522 436 3574 sichtbor
455 3517 581 3572 werdoni
601 3520 705 3574 Bauer:
724 3523 740 3575 l.
762 3523 780 3576 1.
799 3538 823 3588 p.
842 3521 904 3576 ²25.
924 3521 1042 3575 Hand.

279 3614 305 3681 Β)
319 3617 389 3666 ldom
406 3632 433 3680 p.
450 3614 511 3666 24³.
531 3614 650 3668 soant.

273 3707 299 3772 ³)
318 3708 337 3762 l.
356 3707 376 3758 l.
395 3721 421 3770 p.
439 3705 497 3756 230.
515 3704 629 3757 2llurrd.

277 3799 301 3866 t)
320 3801 338 3852 l.
356 3799 374 3851 l.
394 3813 421 3862 p.
443 3793 499 3846 192.
519 3795 530 3844 l
547 3793 629 3845 llaod.
