2640 4306
663 165 712 235 aa
1125 145 1136 176 ,

136 439 141 450 ,
179 380 259 460 quod
294 397 362 438 cum
399 377 438 442 sit
481 372 709 433 tundamentum
739 374 869 432 maxime
900 370 1093 440 universale,
1130 367 1209 426 inde

179 496 327 576 sequitur,
346 503 381 552 ut
400 491 603 550 contradictio
625 491 691 567 ejus
713 488 950 548 fundamentalis
972 489 1085 565 ubique
1101 489 1212 544 erten-

180 613 271 674 datur
293 627 393 688 neque
424 627 490 667 eam
517 607 683 686 hypothesi
712 605 766 664 ulli
791 605 967 665 adstrictam
999 623 1070 664 esse
1092 602 1211 661 sentia-

182 749 266 800 mus,
296 747 363 791 cum
392 725 574 806 hypothesis
601 727 642 786 sit
668 723 735 800 ipsa
766 722 919 803 cogitandi
940 720 1075 782 conditio
1099 737 1212 778 neces-

183 850 271 909 saria.
316 849 417 924 Atque
455 846 522 904 haec
552 843 758 903 contradictio
790 835 1209 919 catologieo‘vocenda

183 971 242 1026 est.

266 1081 405 1140 Alterum
429 1096 501 1138 veru
524 1077 717 1156 positivitatis
734 1073 965 1134 fundamentum
980 1079 1118 1151 apparet,
1140 1087 1213 1128 eum

183 1201 220 1258 ab
234 1201 296 1278 ipsa
311 1198 462 1267 realitate,
483 1196 570 1274 cujus
583 1200 690 1252 auctor
701 1199 750 1252 est
764 1193 952 1251 conscientia
963 1192 1010 1250 sui
1023 1188 1161 1250 absolute
1178 1199 1214 1250 et

184 1315 308 1394 quidem
316 1316 353 1375 ab
372 1315 433 1373 hoc
454 1320 560 1373 nostro
577 1329 683 1370 rerum
698 1310 808 1369 ordine
822 1309 999 1386 abnegando
1014 1307 1131 1367 initium
1143 1308 1217 1383 liat3
1316 1349 1317 1374 ,

184 1430 351 1489 deducitur
379 1429 451 1488 inde
476 1428 600 1506 quidem
630 1425 831 1485 contradictio
864 1425 1000 1503 quaedam
1030 1424 1214 1484 fundamen-

185 1547 267 1620 talis,
286 1547 341 1606 sed
364 1565 431 1625 quae
450 1545 617 1605 artioribus
640 1552 740 1604 tamen
757 1541 938 1621 hypothesis
959 1541 1068 1600 tinibus
1080 1542 1216 1601 eircum-

184 1665 298 1742 scripta
319 1665 374 1736 sit;
404 1663 611 1722 certissimum
634 1663 715 1719 enim
734 1667 792 1731 est,
812 1660 1031 1718 conscientiam
1053 1659 1099 1718 sui
1122 1659 1215 1717 abso-

184 1780 277 1850 lutam
301 1799 361 1838 non
385 1797 477 1856 posse
503 1779 534 1836 in
560 1777 728 1854 rsemetipa
750 1776 963 1852 acquiescere,
995 1773 1049 1834 red
1075 1793 1216 1853 quaenam

186 1895 307 1955 realitas
337 1895 373 1954 ab
400 1911 438 1952 eo
462 1892 607 1970 prodeat,
636 1891 871 1971 hypotheticum
896 1910 963 1950 esse
983 1892 1105 1950 ridetur
1122 1899 1218 1970 atque

188 2012 325 2070 libertati
358 2011 414 2088 ipsi
449 2011 535 2087 quasi
566 2008 735 2068 conditioni
767 2007 943 2079 astrictum,
978 2025 1045 2067 cum
1082 2009 1217 2068 mundus
1318 2007 1319 2016 ’

158 2144 162 2150 ’
187 2134 375 2194 nosternon
399 2128 483 2186 solus
506 2126 563 2198 sit,
592 2127 621 2184 iu
644 2145 702 2202 qua
725 2127 784 2185 vita
808 2122 908 2184 divina
932 2125 1121 2185 manifestari
1144 2145 1219 2204 pos·

187 2245 238 2308 sit.
283 2243 388 2321 Quid?
411 2242 492 2320 quod
522 2244 552 2301 in
584 2243 745 2320 disciplina
773 2243 943 2320 dogmatica
971 2244 997 2300 si
1027 2241 1218 2320 theolegiam

186 2360 460 2438 (regnumpnrts),
485 2359 715 2436 christologiam
737 2357 976 2437 (regnumlilii)‚
1002 2360 1219 2437 pneumatolu-

188 2477 267 2554 giam
298 2473 440 2555 (regnum
476 2477 603 2554 spiritus
632 2474 742 2555 sancti)
770 2475 1013 2552 respexerimus,
1049 2475 1219 2537 observare

188 2593 273 2665 licet,
291 2593 323 2652 in
344 2610 440 2670 reguo
463 2595 562 2670 primo
586 2577 763 2652 realitatem¹
785 2591 953 2669 negandam
978 2611 1048 2651 esre
1076 2592 1220 2653 absolute

188 2709 410 2782 universalem,
437 2709 467 2768 in
488 2726 586 2786 regno
610 2716 712 2769 autem
736 2708 874 2768 secundo
896 2715 928 2768 et
956 2711 1047 2768 tertio
1070 2709 1102 2768 in
1124 2709 1220 2769 reali-

189 2832 283 2885 tatem
308 2826 413 2888 muudi
436 2827 535 2885 nostri
558 2825 722 2905 specialius
744 2827 879 2901 attendi,
901 2833 936 2888 nt
964 2828 1036 2886 lude
1060 2827 1219 2886 contradi-

188 2943 250 3000 ctio
271 2947 363 3020 etque
382 2943 548 3002 necessitas
574 2943 653 3002 iutra
675 2950 777 3002 certor
803 2944 881 3004 lines
909 2943 1078 3014 referatur;
1111 2949 1219 3002 certus

188 3059 268 3118 euim
291 3055 421 3117 mundus
451 3059 472 3117 i.
492 3077 520 3117 e.
544 3058 674 3118 mundus
699 3057 751 3118 hic
776 3068 899 3134 noster,
927 3061 958 3119 in
992 3079 1052 3138 quo
1083 3057 1217 3119 Adamus

189 3175 345 3250 peccavit,
379 3174 521 3236 Christus
541 3194 664 3236 carnem
686 3176 806 3251 induit,
834 3184 972 3256 negatur.
1015 3177 1103 3236 Hunc
1122 3177 1218 3254 igitur

186 3290 458 3352 contradictionem
500 3292 759 3354 fundamentalem
803 3295 994 3374 dogmati
1005 3315 1087 3354 com
1125 3311 1218 3353 voea-

189 3409 336 3468 verlmus.

271 3524 536 3601 Quemadmodum
556 3543 630 3587 vero
649 3526 974 3588 realitas·unlrersalis
996 3525 1025 3586 in
1045 3526 1217 3587 realitatem

173 3643 283 3722 'hujus
312 3642 417 3704 mundi
441 3645 561 3717 transit,
585 3644 628 3704 ita
648 3661 770 3722 quoque
791 3643 916 3704 realiter
938 3645 1030 3724 hujus
1058 3641 1166 3702 muudi
1187 3645 1216 3702 iu

184 3761 343 3824 realitates
354 3761 556 3840 specialiores
577 3759 760 3834 ellundltnr3
783 3767 876 3838 etque
897 3759 956 3822 hac
973 3762 1018 3820 ria
1032 3759 1069 3820 ad
1090 3761 1214 3820 tertiam
