2640 4306
662 139 712 208 4⁰

171 351 414 430 exetiogruntur·
470 345 560 424 Quod
596 351 697 406 autem
734 343 848 424 objecti
883 338 1076 420 quiescentia
1106 341 1208 400 iuotor

172 467 261 526 nobis
290 472 360 525 aute
388 464 495 523 ocutos
525 461 723 542 proponitur,
755 459 950 540 poaitiritatia
978 456 1205 533 stagnotiouena

101 643 106 650 ,
175 599 276 660 neque
298 598 373 639 vero
395 578 588 640 intellectum
619 577 749 658 profert.
801 577 875 636 Haec
905 591 1029 652 quoque
1055 573 1206 634 identitas

175 698 272 775 partis
296 676 475 776 utriusque,
504 697 534 754 in
554 695 682 754 scientia
702 693 825 754 formati
851 691 1047 763 adumbrata,
1077 690 1108 750 in
1135 689 1206 749 lieo

175 821 279 873 autem
301 812 440 872 absoluta
464 817 521 872 eet.

256 929 360 1006 Qualia
379 930 418 1003 ia,
442 931 493 1007 qui
514 929 638 1004 cogitat,
659 927 738 986 tales
754 927 969 1015 cogitationes,
990 922 1063 985 inde
1079 922 1205 983 dedoiri

175 1046 268 1106 debet
300 1045 401 1106 divina
433 1045 588 1123 cogitandi
614 1045 709 1110 catina
742 1043 931 1102 conscicntia
959 1043 1005 1102 sui
1032 1039 1208 1102 rectissima

128 1192 131 1198 ·
175 1167 363 1222 momentum
386 1162 582 1248 positinitatis
607 1160 756 1220 absolutae
779 1161 808 1219 in
827 1179 862 1218 ae
877 1160 1031 1233 continet;
1051 1159 1083 1216 in
1096 1157 1207 1216 votuu-

176 1279 246 1337 tatis
281 1286 443 1356 punctum,
469 1285 503 1336 ut
529 1279 570 1338 ita
592 1275 709 1350 dicam,
742 1295 776 1336 se
803 1277 977 1352 contrahit,
1005 1275 1206 1352 semetipsum

175 1392 344 1466 affirmans,
365 1411 425 1470 quo
449 1395 548 1456 omnio
566 1395 637 1454 vita
659 1411 723 1454 ouoe
754 1393 906 1453 elementa
929 1393 1093 1473 possideat.
1128 1387 1208 1448 Cum

178 1507 330 1586 objectum
351 1510 452 1570 auiae
473 1509 588 1586 reddit,
610 1529 670 1570 uon
693 1510 828 1570 umbram
850 1509 983 1580 ittonam,
1007 1507 1064 1568 red
1081 1505 1210 1568 reatitu-

177 1631 239 1684 tem
262 1625 347 1686 videt
375 1627 582 1705 plenissimam
590 1646 600 1701 ;
632 1645 726 1704 quare
748 1627 839 1686 etiam
859 1628 1060 1706 cogitationes
1089 1641 1210 1694 omnes,

177 1761 233 1820 per
257 1761 331 1820 quaa
353 1743 380 1802 is
404 1744 539 1804 reflexus
563 1749 649 1804 actus
671 1742 723 1816 dt,
753 1742 894 1822 ejusdem
917 1741 1066 1804 rectitatis
1090 1749 1210 1818 partam

177 1859 308 1934 utiquam
339 1857 493 1930 obtinent3
520 1858 576 1918 uisi
605 1859 686 1919 enim
713 1859 797 1920 tiene
829 1859 1002 1921 absolutum
1034 1876 1120 1918 auram
1147 1873 1213 1942 aaut)

179 1973 373 2046 declararet,
413 1973 450 2034 ad
478 1993 605 2036 acumen
632 1976 888 2038 individualitatio
917 1995 966 2036 res
986 1976 1023 2036 ab
1043 1993 1080 2034 eu
1099 1977 1212 2054 positae

181 2108 332 2167 nunquam
368 2093 577 2169 pervenirent.
638 2093 714 2154 Cum
746 2114 816 2154 vero
846 2093 887 2152 ita
924 2099 1023 2152 semet
1049 2093 1149 2170 ipsum
1180 2099 1213 2152 ct

179 2209 277 2266 omnia
299 2213 410 2286 ponat,
440 2209 539 2268 omnia
559 2211 705 2270 intuetur.
757 2209 905 2271 Ponendo
933 2210 1086 2282 intuetur,
1115 2227 1214 2286 quare

178 2324 345 2384 substantio
381 2331 508 2404 apparet
541 2327 698 2396 absoluta3
738 2325 887 2388 intuendo
922 2325 1027 2404 ponit,
1063 2325 1135 2403 quia
1163 2333 1214 2386 eat

178 2441 310 2502 libertas
349 2440 594 2520 perfectissimo:
626 2463 737 2506 verum
776 2453 840 2515 eat,
883 2448 956 2525 quio
994 2445 1085 2504 Deua
1128 2445 1212 2506 vato.

180 2555 295 2618 Verum
318 2559 344 2619 si
371 2577 407 2620 ca
437 2558 515 2619 ratio
539 2559 610 2618 vitae
632 2557 751 2620 devince
772 2560 905 2638 solivaga
927 2563 1020 2632 earet,
1047 2559 1213 2618 existentia

180 2675 279 2734 omnia
307 2676 338 2734 in
365 2674 512 2734 monader
534 2672 695 2750 discitiret,
718 2675 902 2750 destitutas,
927 2680 962 2734 ut
989 2674 1090 2736 verbis
1118 2673 1212 2734 Leito-

148 2803 153 2816 *
178 2791 247 2850 uitii
267 2797 346 2869 utar,
370 2790 534 2863 fenestris,
556 2809 613 2869 per
635 2811 709 2870 qrras
729 2792 842 2871 aliquid
871 2790 992 2870 ingredi
1022 2795 1074 2850 aut
1104 2789 1212 2868 egredi

178 2913 294 2984 poaaet.
343 2906 404 2966 Sed
434 2925 471 2966 ex
503 2909 567 2986 ipsa
591 2907 646 2967 Dei
680 2909 838 2970 existentia
867 2907 1045 2970 individuali
1071 2905 1213 2984 sequitur

179 3023 327 3083 transitus
348 3025 386 3084 ab
407 3023 503 3083 attera
521 3025 551 3083 in
571 3025 698 3084 atteram
713 3026 929 3102 cogitationem
940 3025 1090 3086 intinitua.
1135 3021 1211 3082 Cum

177 3138 259 3198 idem
276 3140 316 3197 ait
335 3139 429 3214 licus,
453 3137 597 3218 idemque
620 3143 667 3200 soi
690 3144 850 3216 conscius,
873 3143 925 3221 qui
956 3142 1056 3200 omnia
1088 3139 1213 3218 cogitat,

178 3253 316 3327 diversa,
340 3274 407 3332 quaa
430 3260 560 3335 cogitat,
584 3276 690 3318 aecum
714 3260 845 3318 invicem
868 3258 1058 3331 cohaereant,
1084 3274 1213 3316 neceoae

168 3354 236 3430 ed.
266 3370 394 3464 ¹Neque
423 3374 505 3434 enim
527 3378 712 3455 punctatim
745 3376 844 3434 cotum
874 3393 927 3434 rea
953 3375 1088 3454 singutas
1118 3374 1213 3444 Deua,

178 3505 246 3564 quoe
271 3487 337 3566 ejus
365 3495 414 3549 eet
443 3473 572 3550 scientia
597 3489 795 3563 simultaoea,
820 3491 977 3563 intuetur,
1005 3490 1062 3550 aed
1084 3489 1212 3550 atteram

178 3583 301 3682 quoque
325 3622 363 3662 ex
385 3606 482 3666 attera
505 3606 644 3681 deducit,
681 3609 862 3668 retationem
882 3607 1036 3668 omnium
1075 3612 1211 3666 mutuam

176 3723 370 3810 consideran
394 3721 467 3786 atioa
485 3741 583 3800 nequo
605 3724 834 3786 distinctissime
849 3723 1084 3796 eaeetooieutio,
1109 3738 1211 3800 oeque
