<?xml version="1.0" encoding="UTF-8"?>
<!DOCTYPE html PUBLIC "-//W3C//DTD XHTML 1.0 Transitional//EN"
    "http://www.w3.org/TR/xhtml1/DTD/xhtml1-transitional.dtd">
<html xmlns="http://www.w3.org/1999/xhtml" xml:lang="en" lang="en">
 <head>
  <title>
</title>
<meta http-equiv="Content-Type" content="text/html;charset=utf-8" />
  <meta name='ocr-system' content='tesseract 3.04.00' />
  <meta name='ocr-capabilities' content='ocr_page ocr_carea ocr_par ocr_line ocrx_word'/>
</head>
<body>
  <div class='ocr_page' id='page_1' title='image "./despeculativahi00petegoog_0163.png"; bbox 0 0 2460 4178; ppageno 0'>
   <div class='ocr_carea' id='block_1_1' title="bbox 580 74 742 181">
    <p class='ocr_par' dir='ltr' id='par_1_1' title="bbox 580 74 742 181">
     <span class='ocr_line' id='line_1_1' title="bbox 580 74 742 181; baseline 0 0"><span class='ocrx_word' id='word_1_1' title='bbox 580 74 742 181; x_wconf 74' lang='lat' dir='ltr'>aoo&#39;</span> 
     </span>
    </p>
   </div>
   <div class='ocr_carea' id='block_1_2' title="bbox 95 314 1142 2968">
    <p class='ocr_par' dir='ltr' id='par_1_2' title="bbox 95 314 1142 2968">
     <span class='ocr_line' id='line_1_2' title="bbox 103 314 1142 401; baseline 0.012 -31"><span class='ocrx_word' id='word_1_2' title='bbox 103 314 336 389; x_wconf 63' lang='lat' dir='ltr'>catinensium</span> <span class='ocrx_word' id='word_1_3' title='bbox 361 332 422 375; x_wconf 92' lang='lat' dir='ltr'>non</span> <span class='ocrx_word' id='word_1_4' title='bbox 445 315 557 377; x_wconf 83' lang='lat' dir='ltr'>liudem</span> <span class='ocrx_word' id='word_1_5' title='bbox 578 317 681 377; x_wconf 79' lang='lat' dir='ltr'>verlria</span> <span class='ocrx_word' id='word_1_6' title='bbox 706 317 834 379; x_wconf 82' lang='lat' dir='ltr'>eandem</span> <span class='ocrx_word' id='word_1_7' title='bbox 855 319 1021 381; x_wconf 81' lang='lat' dir='ltr'>veritatem</span> <span class='ocrx_word' id='word_1_8' title='bbox 1043 339 1142 401; x_wconf 78' lang='lat' dir='ltr'>eupo-</span> 
     </span>
     <span class='ocr_line' id='line_1_3' title="bbox 102 430 1141 514; baseline 0.012 -23"><span class='ocrx_word' id='word_1_9' title='bbox 102 439 223 491; x_wconf 84' lang='lat' dir='ltr'>neraut.</span> <span class='ocrx_word' id='word_1_10' title='bbox 274 430 480 509; x_wconf 68' lang='lat' dir='ltr'>[regeneravit</span> <span class='ocrx_word' id='word_1_11' title='bbox 508 433 631 514; x_wconf 85' lang='lat' dir='ltr'>quidem</span> <span class='ocrx_word' id='word_1_12' title='bbox 658 434 831 512; x_wconf 83' lang='lat' dir='ltr'>apoatoloa‚</span> <span class='ocrx_word' id='word_1_13' title='bbox 861 453 921 495; x_wconf 94' lang='lat' dir='ltr'>non</span> <span class='ocrx_word' id='word_1_14' title='bbox 947 443 1054 505; x_wconf 86' lang='lat' dir='ltr'>autem</span> <span class='ocrx_word' id='word_1_15' title='bbox 1084 459 1141 503; x_wconf 80' lang='lat' dir='ltr'>eoa</span> 
     </span>
     <span class='ocr_line' id='line_1_4' title="bbox 99 548 1142 631; baseline 0.008 -22"><span class='ocrx_word' id='word_1_16' title='bbox 99 549 144 623; x_wconf 83' lang='lat' dir='ltr'>ita</span> <span class='ocrx_word' id='word_1_17' title='bbox 170 548 389 623; x_wconf 76' lang='lat' dir='ltr'>mactillcauit,</span> <span class='ocrx_word' id='word_1_18' title='bbox 417 557 450 611; x_wconf 86' lang='lat' dir='ltr'>ot</span> <span class='ocrx_word' id='word_1_19' title='bbox 475 553 576 613; x_wconf 87' lang='lat' dir='ltr'>omnia</span> <span class='ocrx_word' id='word_1_20' title='bbox 603 552 795 613; x_wconf 66' lang='lat' dir='ltr'>imbecillitas</span> <span class='ocrx_word' id='word_1_21' title='bbox 820 552 921 613; x_wconf 84' lang='lat' dir='ltr'>aubito</span> <span class='ocrx_word' id='word_1_22' title='bbox 950 554 1142 631; x_wconf 78' lang='lat' dir='ltr'>tolleretur3</span> 
     </span>
     <span class='ocr_line' id='line_1_5' title="bbox 100 664 1140 744; baseline 0.007 -15"><span class='ocrx_word' id='word_1_23' title='bbox 100 665 265 729; x_wconf 74' lang='lat' dir='ltr'>illustrarit</span> <span class='ocrx_word' id='word_1_24' title='bbox 282 664 405 744; x_wconf 89' lang='lat' dir='ltr'>quidem</span> <span class='ocrx_word' id='word_1_25' title='bbox 428 669 547 729; x_wconf 83' lang='lat' dir='ltr'>animoa</span> <span class='ocrx_word' id='word_1_26' title='bbox 563 688 670 731; x_wconf 90' lang='lat' dir='ltr'>eorum</span> <span class='ocrx_word' id='word_1_27' title='bbox 692 688 753 733; x_wconf 90' lang='lat' dir='ltr'>nou</span> <span class='ocrx_word' id='word_1_28' title='bbox 770 676 872 731; x_wconf 89' lang='lat' dir='ltr'>antem</span> <span class='ocrx_word' id='word_1_29' title='bbox 892 672 944 742; x_wconf 87' lang='lat' dir='ltr'>ita,</span> <span class='ocrx_word' id='word_1_30' title='bbox 965 678 999 732; x_wconf 87' lang='lat' dir='ltr'>nt</span> <span class='ocrx_word' id='word_1_31' title='bbox 1013 691 1140 738; x_wconf 85' lang='lat' dir='ltr'>omnem</span> 
     </span>
     <span class='ocr_line' id='line_1_6' title="bbox 99 782 1141 866; baseline 0.006 -21"><span class='ocrx_word' id='word_1_32' title='bbox 99 783 338 865; x_wconf 80' lang='lat' dir='ltr'>aubjcctiuitatia</span> <span class='ocrx_word' id='word_1_33' title='bbox 365 782 462 844; x_wconf 84' lang='lat' dir='ltr'>labem</span> <span class='ocrx_word' id='word_1_34' title='bbox 491 783 632 845; x_wconf 82' lang='lat' dir='ltr'>londitnc</span> <span class='ocrx_word' id='word_1_35' title='bbox 660 794 851 859; x_wconf 68' lang='lat' dir='ltr'>removeretr</span> <span class='ocrx_word' id='word_1_36' title='bbox 883 806 978 866; x_wconf 87' lang='lat' dir='ltr'>qnare</span> <span class='ocrx_word' id='word_1_37' title='bbox 1006 788 1141 866; x_wconf 79' lang='lat' dir='ltr'>phaeno·</span> 
     </span>
     <span class='ocr_line' id='line_1_7' title="bbox 99 898 1140 981; baseline 0.004 -18"><span class='ocrx_word' id='word_1_38' title='bbox 99 919 260 963; x_wconf 90' lang='lat' dir='ltr'>menorum</span> <span class='ocrx_word' id='word_1_39' title='bbox 286 898 456 979; x_wconf 69' lang='lat' dir='ltr'><strong>descriptio</strong></span> <span class='ocrx_word' id='word_1_40' title='bbox 477 901 753 981; x_wconf 83' lang='lat' dir='ltr'>aprolundiaaima</span> <span class='ocrx_word' id='word_1_41' title='bbox 775 903 913 963; x_wconf 86' lang='lat' dir='ltr'>veritatia</span> <span class='ocrx_word' id='word_1_42' title='bbox 931 902 1045 964; x_wconf 79' lang='lat' dir='ltr'>diviuae</span> <span class='ocrx_word' id='word_1_43' title='bbox 1068 925 1140 969; x_wconf 85' lang='lat' dir='ltr'>rea·</span> 
     </span>
     <span class='ocr_line' id='line_1_8' title="bbox 100 1014 1139 1099; baseline 0.004 -19"><span class='ocrx_word' id='word_1_44' title='bbox 100 1018 186 1091; x_wconf 81' lang='lat' dir='ltr'>litate</span> <span class='ocrx_word' id='word_1_45' title='bbox 213 1014 251 1078; x_wconf 88' lang='lat' dir='ltr'>ad</span> <span class='ocrx_word' id='word_1_46' title='bbox 270 1023 425 1078; x_wconf 86' lang='lat' dir='ltr'>momenta</span> <span class='ocrx_word' id='word_1_47' title='bbox 451 1019 623 1099; x_wconf 78' lang='lat' dir='ltr'>subjectiva</span> <span class='ocrx_word' id='word_1_48' title='bbox 634 1037 732 1097; x_wconf 77' lang='lat' dir='ltr'>usque</span> <span class='ocrx_word' id='word_1_49' title='bbox 751 1020 938 1088; x_wconf 79' lang='lat' dir='ltr'>extenditur,</span> <span class='ocrx_word' id='word_1_50' title='bbox 960 1026 994 1077; x_wconf 93' lang='lat' dir='ltr'>ut</span> <span class='ocrx_word' id='word_1_51' title='bbox 1011 1023 1139 1083; x_wconf 89' lang='lat' dir='ltr'>termini</span> 
     </span>
     <span class='ocr_line' id='line_1_9' title="bbox 100 1131 767 1215; baseline 0.001 -21"><span class='ocrx_word' id='word_1_52' title='bbox 100 1139 231 1194; x_wconf 77' lang='lat' dir='ltr'>externo</span> <span class='ocrx_word' id='word_1_53' title='bbox 258 1131 350 1192; x_wconf 92' lang='lat' dir='ltr'>modo</span> <span class='ocrx_word' id='word_1_54' title='bbox 380 1135 525 1195; x_wconf 72' lang='lat' dir='ltr'>constitui</span> <span class='ocrx_word' id='word_1_55' title='bbox 550 1155 610 1196; x_wconf 94' lang='lat' dir='ltr'>non</span> <span class='ocrx_word' id='word_1_56' title='bbox 638 1137 767 1215; x_wconf 81' lang='lat' dir='ltr'>poarint.</span> 
     </span>
     <span class='ocr_line' id='line_1_10' title="bbox 183 1250 1138 1329; baseline 0.008 -22"><span class='ocrx_word' id='word_1_57' title='bbox 183 1250 1138 1329; x_wconf 77' lang='lat' dir='ltr'>Quaeautemjnxtalibertatiaoecouomiamrevelataettradlta</span> 
     </span>
     <span class='ocr_line' id='line_1_11' title="bbox 99 1365 1139 1447; baseline 0.006 -21"><span class='ocrx_word' id='word_1_58' title='bbox 99 1371 182 1437; x_wconf 87' lang='lat' dir='ltr'>aunt,</span> <span class='ocrx_word' id='word_1_59' title='bbox 203 1365 423 1426; x_wconf 81' lang='lat' dir='ltr'>nisimctluodo</span> <span class='ocrx_word' id='word_1_60' title='bbox 444 1367 592 1428; x_wconf 72' lang='lat' dir='ltr'>libertatis</span> <span class='ocrx_word' id='word_1_61' title='bbox 614 1368 746 1440; x_wconf 87' lang='lat' dir='ltr'>inventa,</span> <span class='ocrx_word' id='word_1_62' title='bbox 768 1369 887 1447; x_wconf 78' lang='lat' dir='ltr'>percipi</span> <span class='ocrx_word' id='word_1_63' title='bbox 914 1386 974 1429; x_wconf 94' lang='lat' dir='ltr'>non</span> <span class='ocrx_word' id='word_1_64' title='bbox 996 1379 1139 1447; x_wconf 84' lang='lat' dir='ltr'>poaaunt.</span> 
     </span>
     <span class='ocr_line' id='line_1_12' title="bbox 99 1477 1137 1565; baseline 0.007 -23"><span class='ocrx_word' id='word_1_65' title='bbox 99 1483 201 1561; x_wconf 75' lang='lat' dir='ltr'>Quare</span> <span class='ocrx_word' id='word_1_66' title='bbox 212 1477 280 1541; x_wconf 91' lang='lat' dir='ltr'>cum</span> <span class='ocrx_word' id='word_1_67' title='bbox 293 1483 426 1545; x_wconf 78' lang='lat' dir='ltr'>ecclesia</span> <span class='ocrx_word' id='word_1_68' title='bbox 438 1485 593 1562; x_wconf 73' lang='lat' dir='ltr'>antiquior</span> <span class='ocrx_word' id='word_1_69' title='bbox 604 1491 637 1544; x_wconf 91' lang='lat' dir='ltr'>et</span> <span class='ocrx_word' id='word_1_70' title='bbox 648 1483 841 1543; x_wconf 78' lang='lat' dir='ltr'>(lriticiamna</span> <span class='ocrx_word' id='word_1_71' title='bbox 854 1503 910 1562; x_wconf 94' lang='lat' dir='ltr'>per</span> <span class='ocrx_word' id='word_1_72' title='bbox 933 1486 1137 1565; x_wconf 74' lang='lat' dir='ltr'>phaenomena</span> 
     </span>
     <span class='ocr_line' id='line_1_13' title="bbox 99 1600 1137 1683; baseline 0.002 -20"><span class='ocrx_word' id='word_1_73' title='bbox 99 1600 198 1663; x_wconf 87' lang='lat' dir='ltr'>ideam</span> <span class='ocrx_word' id='word_1_74' title='bbox 211 1601 474 1678; x_wconf 77' lang='lat' dir='ltr'>supranaturalem</span> <span class='ocrx_word' id='word_1_75' title='bbox 482 1607 656 1679; x_wconf 80' lang='lat' dir='ltr'>captareatr</span> <span class='ocrx_word' id='word_1_76' title='bbox 668 1603 803 1682; x_wconf 82' lang='lat' dir='ltr'>analogia</span> <span class='ocrx_word' id='word_1_77' title='bbox 813 1608 946 1676; x_wconf 74' lang='lat' dir='ltr'>utentes,</span> <span class='ocrx_word' id='word_1_78' title='bbox 957 1622 1086 1683; x_wconf 87' lang='lat' dir='ltr'>aemper</span> <span class='ocrx_word' id='word_1_79' title='bbox 1094 1605 1137 1665; x_wconf 84' lang='lat' dir='ltr'>ita</span> 
     </span>
     <span class='ocr_line' id='line_1_14' title="bbox 99 1717 1134 1798; baseline 0.002 -19"><span class='ocrx_word' id='word_1_80' title='bbox 99 1720 341 1792; x_wconf 75' lang='lat' dir='ltr'>concludebant,</span> <span class='ocrx_word' id='word_1_81' title='bbox 364 1725 399 1778; x_wconf 88' lang='lat' dir='ltr'>ut</span> <span class='ocrx_word' id='word_1_82' title='bbox 413 1717 533 1797; x_wconf 80' lang='lat' dir='ltr'>singula</span> <span class='ocrx_word' id='word_1_83' title='bbox 545 1724 697 1778; x_wconf 89' lang='lat' dir='ltr'>momenta</span> <span class='ocrx_word' id='word_1_84' title='bbox 711 1726 900 1796; x_wconf 83' lang='lat' dir='ltr'>premerent.</span> <span class='ocrx_word' id='word_1_85' title='bbox 943 1717 1050 1798; x_wconf 86' lang='lat' dir='ltr'>ltaque</span> <span class='ocrx_word' id='word_1_86' title='bbox 1064 1739 1134 1781; x_wconf 89' lang='lat' dir='ltr'>eum</span> 
     </span>
     <span class='ocr_line' id='line_1_15' title="bbox 99 1834 1135 1924; baseline 0.001 -27"><span class='ocrx_word' id='word_1_87' title='bbox 99 1835 310 1924; x_wconf 80' lang='lat' dir='ltr'>ildeaantiqua</span> <span class='ocrx_word' id='word_1_88' title='bbox 321 1834 519 1894; x_wconf 88' lang='lat' dir='ltr'>concordiam</span> <span class='ocrx_word' id='word_1_89' title='bbox 530 1834 712 1895; x_wconf 75' lang='lat' dir='ltr'>relationum</span> <span class='ocrx_word' id='word_1_90' title='bbox 721 1836 874 1896; x_wconf 86' lang='lat' dir='ltr'>verbalem</span> <span class='ocrx_word' id='word_1_91' title='bbox 888 1844 1025 1913; x_wconf 80' lang='lat' dir='ltr'>urgeret,</span> <span class='ocrx_word' id='word_1_92' title='bbox 1038 1835 1135 1899; x_wconf 84' lang='lat' dir='ltr'>Criti-</span> 
     </span>
     <span class='ocr_line' id='line_1_16' title="bbox 98 1950 1134 2031; baseline -0.001 -17"><span class='ocrx_word' id='word_1_93' title='bbox 98 1951 438 2029; x_wconf 83' lang='lat' dir='ltr'>ciamua,diacrepantia</span> <span class='ocrx_word' id='word_1_94' title='bbox 446 1950 578 2024; x_wconf 87' lang='lat' dir='ltr'>detecta,</span> <span class='ocrx_word' id='word_1_95' title='bbox 593 1952 1134 2031; x_wconf 75' lang='lat' dir='ltr'>acmpermagiamagiaquedemira-</span> 
     </span>
     <span class='ocr_line' id='line_1_17' title="bbox 98 2066 1134 2134; baseline 0.001 -2"><span class='ocrx_word' id='word_1_96' title='bbox 98 2069 215 2132; x_wconf 88' lang='lat' dir='ltr'>culiaiu</span> <span class='ocrx_word' id='word_1_97' title='bbox 224 2068 401 2128; x_wconf 74' lang='lat' dir='ltr'>universum</span> <span class='ocrx_word' id='word_1_98' title='bbox 414 2066 588 2129; x_wconf 83' lang='lat' dir='ltr'>dubitabat:</span> <span class='ocrx_word' id='word_1_99' title='bbox 604 2071 635 2128; x_wconf 83' lang='lat' dir='ltr'>ai</span> <span class='ocrx_word' id='word_1_100' title='bbox 644 2071 771 2131; x_wconf 86' lang='lat' dir='ltr'>minora</span> <span class='ocrx_word' id='word_1_101' title='bbox 783 2073 943 2134; x_wconf 85' lang='lat' dir='ltr'>miraculo</span> <span class='ocrx_word' id='word_1_102' title='bbox 953 2071 1015 2130; x_wconf 81' lang='lat' dir='ltr'>aidi</span> <span class='ocrx_word' id='word_1_103' title='bbox 1024 2074 1134 2133; x_wconf 82' lang='lat' dir='ltr'>minua</span> 
     </span>
     <span class='ocr_line' id='line_1_18' title="bbox 97 2185 1133 2266; baseline 0 -17"><span class='ocrx_word' id='word_1_104' title='bbox 97 2195 262 2256; x_wconf 81' lang='lat' dir='ltr'>coartant,</span> <span class='ocrx_word' id='word_1_105' title='bbox 279 2188 437 2265; x_wconf 79' lang='lat' dir='ltr'>graviora</span> <span class='ocrx_word' id='word_1_106' title='bbox 460 2185 615 2266; x_wconf 82' lang='lat' dir='ltr'>quomodo</span> <span class='ocrx_word' id='word_1_107' title='bbox 629 2185 690 2245; x_wconf 84' lang='lat' dir='ltr'>aidi</span> <span class='ocrx_word' id='word_1_108' title='bbox 706 2187 920 2248; x_wconf 72' lang='lat' dir='ltr'>constabunt?</span> <span class='ocrx_word' id='word_1_109' title='bbox 943 2186 1005 2246; x_wconf 82' lang='lat' dir='ltr'>late</span> <span class='ocrx_word' id='word_1_110' title='bbox 1027 2192 1133 2249; x_wconf 88' lang='lat' dir='ltr'>autem</span> 
     </span>
     <span class='ocr_line' id='line_1_19' title="bbox 98 2301 1133 2382; baseline 0.002 -19"><span class='ocrx_word' id='word_1_111' title='bbox 98 2303 305 2382; x_wconf 79' lang='lat' dir='ltr'>positirlamua</span> <span class='ocrx_word' id='word_1_112' title='bbox 325 2307 358 2361; x_wconf 89' lang='lat' dir='ltr'>ct</span> <span class='ocrx_word' id='word_1_113' title='bbox 377 2301 613 2380; x_wconf 83' lang='lat' dir='ltr'>probabiliamua</span> <span class='ocrx_word' id='word_1_114' title='bbox 637 2303 759 2362; x_wconf 90' lang='lat' dir='ltr'>omnino</span> <span class='ocrx_word' id='word_1_115' title='bbox 780 2302 961 2380; x_wconf 82' lang='lat' dir='ltr'>abrogatur,</span> <span class='ocrx_word' id='word_1_116' title='bbox 982 2321 1052 2362; x_wconf 92' lang='lat' dir='ltr'>cum</span> <span class='ocrx_word' id='word_1_117' title='bbox 1077 2322 1133 2365; x_wconf 89' lang='lat' dir='ltr'>ne·</span> 
     </span>
     <span class='ocr_line' id='line_1_20' title="bbox 97 2418 1132 2501; baseline 0 -20"><span class='ocrx_word' id='word_1_118' title='bbox 97 2421 219 2501; x_wconf 73' lang='lat' dir='ltr'>petione</span> <span class='ocrx_word' id='word_1_119' title='bbox 249 2418 522 2499; x_wconf 81' lang='lat' dir='ltr'>phaenomenornm</span> <span class='ocrx_word' id='word_1_120' title='bbox 546 2425 686 2497; x_wconf 82' lang='lat' dir='ltr'>auacepta</span> <span class='ocrx_word' id='word_1_121' title='bbox 722 2419 759 2480; x_wconf 91' lang='lat' dir='ltr'>ad</span> <span class='ocrx_word' id='word_1_122' title='bbox 789 2420 884 2498; x_wconf 76' lang='lat' dir='ltr'>ipsam</span> <span class='ocrx_word' id='word_1_123' title='bbox 909 2419 1007 2479; x_wconf 86' lang='lat' dir='ltr'>ideam</span> <span class='ocrx_word' id='word_1_124' title='bbox 1035 2438 1132 2498; x_wconf 85' lang='lat' dir='ltr'>pene·</span> 
     </span>
     <span class='ocr_line' id='line_1_21' title="bbox 97 2534 1130 2600; baseline -0.002 0"><span class='ocrx_word' id='word_1_125' title='bbox 97 2537 297 2600; x_wconf 69' lang='lat' dir='ltr'>moverimus:</span> <span class='ocrx_word' id='word_1_126' title='bbox 327 2534 473 2596; x_wconf 88' lang='lat' dir='ltr'>miracula</span> <span class='ocrx_word' id='word_1_127' title='bbox 498 2537 589 2597; x_wconf 91' lang='lat' dir='ltr'>etiam</span> <span class='ocrx_word' id='word_1_128' title='bbox 614 2534 852 2597; x_wconf 72' lang='lat' dir='ltr'>fundamentalia</span> <span class='ocrx_word' id='word_1_129' title='bbox 875 2536 1049 2597; x_wconf 75' lang='lat' dir='ltr'>firmissime</span> <span class='ocrx_word' id='word_1_130' title='bbox 1081 2546 1130 2599; x_wconf 85' lang='lat' dir='ltr'>tc-</span> 
     </span>
     <span class='ocr_line' id='line_1_22' title="bbox 97 2652 1130 2733; baseline 0 -16"><span class='ocrx_word' id='word_1_131' title='bbox 97 2673 220 2729; x_wconf 82' lang='lat' dir='ltr'>ncmm,</span> <span class='ocrx_word' id='word_1_132' title='bbox 244 2659 280 2715; x_wconf 93' lang='lat' dir='ltr'>ut</span> <span class='ocrx_word' id='word_1_133' title='bbox 299 2658 453 2713; x_wconf 86' lang='lat' dir='ltr'>momenta</span> <span class='ocrx_word' id='word_1_134' title='bbox 479 2652 721 2731; x_wconf 79' lang='lat' dir='ltr'>specialiorain</span> <span class='ocrx_word' id='word_1_135' title='bbox 750 2653 818 2712; x_wconf 92' lang='lat' dir='ltr'>luce</span> <span class='ocrx_word' id='word_1_136' title='bbox 844 2672 950 2713; x_wconf 87' lang='lat' dir='ltr'>corum</span> <span class='ocrx_word' id='word_1_137' title='bbox 973 2655 1130 2733; x_wconf 78' lang='lat' dir='ltr'>conspici·</span> 
     </span>
     <span class='ocr_line' id='line_1_23' title="bbox 95 2768 1133 2850; baseline -0.003 -14"><span class='ocrx_word' id='word_1_138' title='bbox 95 2779 196 2837; x_wconf 86' lang='lat' dir='ltr'>antur.</span> <span class='ocrx_word' id='word_1_139' title='bbox 227 2769 423 2832; x_wconf 87' lang='lat' dir='ltr'>Reatauratio</span> <span class='ocrx_word' id='word_1_140' title='bbox 438 2771 532 2850; x_wconf 75' lang='lat' dir='ltr'>igitur</span> <span class='ocrx_word' id='word_1_141' title='bbox 544 2770 738 2849; x_wconf 81' lang='lat' dir='ltr'>phoenomeni</span> <span class='ocrx_word' id='word_1_142' title='bbox 751 2768 868 2831; x_wconf 75' lang='lat' dir='ltr'>Christi</span> <span class='ocrx_word' id='word_1_143' title='bbox 885 2772 925 2829; x_wconf 87' lang='lat' dir='ltr'>ita</span> <span class='ocrx_word' id='word_1_144' title='bbox 939 2772 1008 2831; x_wconf 88' lang='lat' dir='ltr'>lieri</span> <span class='ocrx_word' id='word_1_145' title='bbox 1021 2771 1133 2847; x_wconf 85' lang='lat' dir='ltr'>debet,</span> 
     </span>
     <span class='ocr_line' id='line_1_24' title="bbox 96 2885 1130 2968; baseline -0.002 -17"><span class='ocrx_word' id='word_1_146' title='bbox 96 2895 130 2951; x_wconf 93' lang='lat' dir='ltr'>ut</span> <span class='ocrx_word' id='word_1_147' title='bbox 151 2887 280 2968; x_wconf 73' lang='lat' dir='ltr'>ringula,</span> <span class='ocrx_word' id='word_1_148' title='bbox 304 2905 373 2964; x_wconf 77' lang='lat' dir='ltr'>qum</span> <span class='ocrx_word' id='word_1_149' title='bbox 395 2886 435 2946; x_wconf 89' lang='lat' dir='ltr'>de</span> <span class='ocrx_word' id='word_1_150' title='bbox 458 2888 525 2967; x_wconf 88' lang='lat' dir='ltr'>ejua</span> <span class='ocrx_word' id='word_1_151' title='bbox 549 2889 610 2947; x_wconf 88' lang='lat' dir='ltr'>vita</span> <span class='ocrx_word' id='word_1_152' title='bbox 631 2885 806 2959; x_wconf 86' lang='lat' dir='ltr'>traduntur,</span> <span class='ocrx_word' id='word_1_153' title='bbox 838 2905 925 2946; x_wconf 84' lang='lat' dir='ltr'>annm</span> <span class='ocrx_word' id='word_1_154' title='bbox 949 2887 1050 2947; x_wconf 90' lang='lat' dir='ltr'>locum</span> <span class='ocrx_word' id='word_1_155' title='bbox 1071 2890 1130 2951; x_wconf 79' lang='lat' dir='ltr'>olr-</span> 
     </span>
    </p>
   </div>
   <div class='ocr_carea' id='block_1_3' title="bbox 95 3001 1131 3082">
    <p class='ocr_par' dir='ltr' id='par_1_3' title="bbox 95 3001 1131 3082">
     <span class='ocr_line' id='line_1_25' title="bbox 95 3001 1131 3082; baseline 0.001 -17"><span class='ocrx_word' id='word_1_156' title='bbox 95 3005 224 3077; x_wconf 88' lang='lat' dir='ltr'>tineant,</span> <span class='ocrx_word' id='word_1_157' title='bbox 244 3009 338 3082; x_wconf 90' lang='lat' dir='ltr'>prout</span> <span class='ocrx_word' id='word_1_158' title='bbox 358 3003 573 3065; x_wconf 77' lang='lat' dir='ltr'>incarnationis</span> <span class='ocrx_word' id='word_1_159' title='bbox 595 3001 695 3064; x_wconf 87' lang='lat' dir='ltr'>ideam</span> <span class='ocrx_word' id='word_1_160' title='bbox 712 3021 768 3062; x_wconf 87' lang='lat' dir='ltr'>auo</span> <span class='ocrx_word' id='word_1_161' title='bbox 793 3002 935 3081; x_wconf 87' lang='lat' dir='ltr'>quodque</span> <span class='ocrx_word' id='word_1_162' title='bbox 953 3002 1044 3064; x_wconf 90' lang='lat' dir='ltr'>modo</span> <span class='ocrx_word' id='word_1_163' title='bbox 1065 3025 1131 3066; x_wconf 90' lang='lat' dir='ltr'>rna·</span> 
     </span>
    </p>
   </div>
   <div class='ocr_carea' id='block_1_4' title="bbox 94 3121 1131 3790">
    <p class='ocr_par' dir='ltr' id='par_1_4' title="bbox 96 3121 255 3183">
     <span class='ocr_line' id='line_1_26' title="bbox 96 3121 255 3183; baseline -0.019 0"><span class='ocrx_word' id='word_1_164' title='bbox 96 3121 255 3183; x_wconf 85' lang='lat' dir='ltr'>uilaatent.</span> 
     </span>
    </p>

    <p class='ocr_par' dir='ltr' id='par_1_5' title="bbox 94 3235 1131 3790">
     <span class='ocr_line' id='line_1_27' title="bbox 177 3235 1131 3316; baseline -0.001 -17"><span class='ocrx_word' id='word_1_165' title='bbox 177 3237 379 3299; x_wconf 82' lang='lat' dir='ltr'>Pervenimus</span> <span class='ocrx_word' id='word_1_166' title='bbox 399 3238 492 3316; x_wconf 81' lang='lat' dir='ltr'>igitur</span> <span class='ocrx_word' id='word_1_167' title='bbox 507 3235 544 3298; x_wconf 89' lang='lat' dir='ltr'>ad</span> <span class='ocrx_word' id='word_1_168' title='bbox 567 3237 803 3298; x_wconf 80' lang='lat' dir='ltr'>ecclesiasticam</span> <span class='ocrx_word' id='word_1_169' title='bbox 818 3235 933 3295; x_wconf 76' lang='lat' dir='ltr'>Christi</span> <span class='ocrx_word' id='word_1_170' title='bbox 955 3236 1131 3316; x_wconf 77' lang='lat' dir='ltr'>imaginem,</span> 
     </span>
     <span class='ocr_line' id='line_1_28' title="bbox 94 3351 1128 3432; baseline 0 -16"><span class='ocrx_word' id='word_1_171' title='bbox 94 3355 150 3417; x_wconf 84' lang='lat' dir='ltr'>aed</span> <span class='ocrx_word' id='word_1_172' title='bbox 173 3355 215 3415; x_wconf 87' lang='lat' dir='ltr'>ita</span> <span class='ocrx_word' id='word_1_173' title='bbox 236 3359 281 3413; x_wconf 90' lang='lat' dir='ltr'>ut.</span> <span class='ocrx_word' id='word_1_174' title='bbox 303 3354 431 3432; x_wconf 82' lang='lat' dir='ltr'>siugulis</span> <span class='ocrx_word' id='word_1_175' title='bbox 452 3354 644 3415; x_wconf 77' lang='lat' dir='ltr'>lineamentis</span> <span class='ocrx_word' id='word_1_176' title='bbox 668 3354 785 3432; x_wconf 82' lang='lat' dir='ltr'>analysi</span> <span class='ocrx_word' id='word_1_177' title='bbox 808 3351 965 3431; x_wconf 78' lang='lat' dir='ltr'>subjectio,</span> <span class='ocrx_word' id='word_1_178' title='bbox 993 3355 1128 3416; x_wconf 90' lang='lat' dir='ltr'>eundem</span> 
     </span>
     <span class='ocr_line' id='line_1_29' title="bbox 94 3471 1128 3552; baseline 0.001 -20"><span class='ocrx_word' id='word_1_179' title='bbox 94 3471 263 3544; x_wconf 77' lang='lat' dir='ltr'>Chriatnm,</span> <span class='ocrx_word' id='word_1_180' title='bbox 279 3489 371 3549; x_wconf 89' lang='lat' dir='ltr'>quem</span> <span class='ocrx_word' id='word_1_181' title='bbox 386 3471 519 3532; x_wconf 81' lang='lat' dir='ltr'>ecclesia</span> <span class='ocrx_word' id='word_1_182' title='bbox 538 3473 569 3531; x_wconf 93' lang='lat' dir='ltr'>iu</span> <span class='ocrx_word' id='word_1_183' title='bbox 586 3478 714 3532; x_wconf 85' lang='lat' dir='ltr'>externo</span> <span class='ocrx_word' id='word_1_184' title='bbox 728 3471 867 3550; x_wconf 80' lang='lat' dir='ltr'>empirice</span> <span class='ocrx_word' id='word_1_185' title='bbox 881 3471 1012 3548; x_wconf 80' lang='lat' dir='ltr'>uulgaria</span> <span class='ocrx_word' id='word_1_186' title='bbox 1030 3491 1128 3552; x_wconf 79' lang='lat' dir='ltr'>regno</span> 
     </span>
     <span class='ocr_line' id='line_1_30' title="bbox 94 3586 1127 3670; baseline 0 -21"><span class='ocrx_word' id='word_1_187' title='bbox 94 3595 235 3670; x_wconf 82' lang='lat' dir='ltr'>spectare</span> <span class='ocrx_word' id='word_1_188' title='bbox 259 3586 318 3648; x_wconf 78' lang='lat' dir='ltr'>allai</span> <span class='ocrx_word' id='word_1_189' title='bbox 342 3587 510 3658; x_wconf 84' lang='lat' dir='ltr'>videretur,</span> <span class='ocrx_word' id='word_1_190' title='bbox 532 3607 592 3648; x_wconf 92' lang='lat' dir='ltr'>non</span> <span class='ocrx_word' id='word_1_191' title='bbox 614 3594 700 3649; x_wconf 80' lang='lat' dir='ltr'>entra</span> <span class='ocrx_word' id='word_1_192' title='bbox 727 3589 884 3668; x_wconf 76' lang='lat' dir='ltr'>speculum</span> <span class='ocrx_word' id='word_1_193' title='bbox 906 3587 1035 3664; x_wconf 77' lang='lat' dir='ltr'>spiritua</span> <span class='ocrx_word' id='word_1_194' title='bbox 1055 3607 1127 3649; x_wconf 76' lang='lat' dir='ltr'>ease</span> 
     </span>
     <span class='ocr_line' id='line_1_31' title="bbox 94 3704 547 3790; baseline -0.015 -19"><span class='ocrx_word' id='word_1_195' title='bbox 94 3705 315 3790; x_wconf 72' lang='lat' dir='ltr'>aspiciendum,</span> <span class='ocrx_word' id='word_1_196' title='bbox 332 3704 547 3782; x_wconf 75' lang='lat' dir='ltr'>intelligamur.</span> 
     </span>
    </p>
   </div>
   <div class='ocr_carea' id='block_1_5' title="bbox 0 0 1234 4178">
    <p class='ocr_par' dir='ltr' id='par_1_6' title="bbox 0 0 1234 4178">
     <span class='ocr_line' id='line_1_32' title="bbox 0 0 1234 4178; baseline 0 2"><span class='ocrx_word' id='word_1_197' title='bbox 0 0 1234 4178; x_wconf 95' lang='lat' dir='ltr'> </span> 
     </span>
    </p>
   </div>
  </div>
 </body>
</html>
