2460 4178
547 155 593 222 31

62 367 147 431 snt,
169 364 204 418 nt
223 359 266 418 ita
296 359 419 422 &mum
449 361 622 436 eideintur,
651 380 722 422 num
753 360 904 440 ejusmodi
928 361 970 420 ait
992 361 1093 420 seien·
1168 370 1171 374 ’

63 481 106 538 tta
133 493 244 537 neone.
291 475 355 536 Sed
385 494 425 536 eo
451 496 551 556 nsque
570 478 695 538 invainit
711 478 915 549 consuetudo,
942 476 1096 536 eiementa

63 596 174 656 oritien
196 594 253 654 snb
278 592 384 672 speeie
404 593 542 654 seiernae
557 597 697 673 positive
711 594 864 664 tradendi,
885 602 916 652 et
928 595 1095 665 notionem,

64 730 135 792 quse
171 710 273 770 omnin
303 714 460 786 penetret,
487 713 637 788 quaerenti
677 710 904 791 respondendir
939 711 1094 771 historico

63 839 154 898 sent,
176 848 219 888 oe
235 826 506 908 philosophemur,
525 859 562 870 -
589 834 624 886 ut
646 827 827 905 dogmatici,
850 826 902 902 qni
926 823 1006 883 nihii
1027 823 1095 882 fere

63 942 148 1004 niind
177 941 217 1001 de
237 940 305 1000 neo
338 940 485 1013 dooennt,
510 961 603 1020 quem
626 961 695 1002 esse
714 961 769 1001 ens
789 959 983 1019 supremum,
1012 936 1094 1017 qnod

64 1058 209 1118 Hebraeis
237 1052 351 1152 οξῇῆδξ,
376 1055 493 1116 Grecis
524 1053 619 1132 Θεὸς,
652 1058 770 1119 Latinis
798 1056 896 1129 tiens,
932 1055 1106 1115 Germnnie·

66 1171 144 1230 Gott
165 1179 225 1234 eto.
246 1172 381 1243 dicutur,
410 1171 595 1251 eundemque
618 1172 885 1234 denominationes
904 1189 975 1229 esse
1005 1169 1097 1228 niiter

65 1287 104 1346 ab
128 1288 196 1347 otiis
220 1287 404 1364 explicatur,
433 1289 571 1348 seientire
598 1291 738 1368 positis-ue
771 1289 892 1349 iendem
921 1289 1095 1364 reportent.

65 1403 177 1480 Neque
194 1403 254 1461 ison
271 1403 381 1475 auium,
399 1407 616 1478 verumetiam,
636 1425 703 1465 eum
718 1407 897 1483 dogmatice
909 1400 1097 1481 speeulativn

67 1519 180 1590 omnin,
206 1536 274 1595 qnae
296 1538 312 1577 a
332 1520 520 1578 conscientie
547 1521 595 1579 aui
620 1521 763 1600 religiose
791 1517 1014 1598 eomprehendi
1041 1534 1096 1576 ne·

67 1639 198 1712 queunt,
227 1639 261 1692 nt
286 1634 383 1695 atiena
411 1639 561 1695 elemento
594 1636 672 1696 foris
704 1636 857 1694 eiiminuta
884 1634 974 1705 velit,
1000 1631 1097 1693 ueluti

66 1766 165 1809 eterne
188 1750 350 1827 scripturae
374 1760 406 1810 et
432 1751 574 1811 eeclesiae
602 1754 725 1812 nomine
752 1751 973 1830 obloquuntur,
1010 1749 1096 1827 quasi

44 1868 210 1926 ¹notiones
230 1868 425 1944 speeniativee
449 1869 692 1947 impigerrimum
712 1877 744 1928 et
763 1888 860 1929 sueree
880 1869 1043 1946 seriptnrre
1065 1870 1098 1923 et

67 1983 220 2042 doetrinse
250 1954 628 2044 eeclesiastieae⁸studium
656 2004 717 2045 non
749 1993 916 2064 quereret.
967 1979 1097 2058 Quando

67 2099 209 2178 dogmetn
221 2099 352 2158 aiterum
372 2117 409 2158 ex
431 2100 528 2160 nitero
552 2102 645 2160 veluti
661 2119 720 2160 nno
743 2100 960 2160 tenoreiinere
980 2097 1097 2169 vident,

68 2217 270 2295 dogmaticam
291 2233 360 2274 esse
388 2233 427 2275 ex
454 2215 515 2275 hoe
539 2218 587 2275 rei
613 2219 669 2277 itio
692 2223 861 2295 systemate
885 2213 1098 2295 philosophioo

68 2333 230 2393 deduetnm
251 2330 499 2408 reprehendunt,
520 2350 590 2391 enm
604 2352 679 2392 vero
707 2334 766 2411 ipsi
790 2333 867 2392 viam
887 2332 925 2392 ait
947 2330 1044 2390 nitere
1065 2329 1098 2388 in

69 2450 199 2510 atteram
218 2447 401 2525 dogmatice
426 2457 561 2524 purtem,
585 2449 678 2509 dietis
698 2451 896 2530 probantium
919 2420 1098 2518 efferendis,

69 2546 251 2626 tutissimum
273 2563 333 2622 sibi
356 2564 476 2624 munire
494 2564 640 2638 eredunt,
673 2587 690 2626 n
719 2566 939 2646 superstitione
955 2559 1098 2645 'quadam

70 2701 132 2742 nou
153 2687 226 2740 sunt
251 2681 419 2753 immunes,
451 2698 520 2740 euna
549 2682 625 2741 loeis
655 2684 752 2743 saeris
787 2684 817 2741 in
847 2681 953 2740 fronte
980 2677 1101 2757 positis,

70 2815 164 2858 error
184 2795 375 2873 dogmaticus
391 2795 436 2854 sie
465 2806 675 2888 remorentur,
700 2805 734 2859 nt
743 2767 760 2870 ,⁰
777 2799 864 2876 signo
883 2796 984 2857 erneis
1007 2794 1100 2866 teoto,

70 2912 210 2974 diabolus
236 2912 357 2971 utrivio
379 2913 515 2991 peditur.

155 3028 350 3090 lleindehee
365 3028 564 3092 distinetione
576 3032 657 3092 iuetn
677 3033 971 3107 iiinoesoet,qunntr
990 3025 1101 3084 virinus
1224 3031 1228 3039 ”

69 3151 245 3209 intentione
263 3167 341 3227 opns
362 3152 413 3222 sit,
432 3157 465 3209 ut
480 3151 608 3210 scientie
627 3168 700 3208 rere
717 3148 908 3210 efformetnr.
950 3141 1101 3221 Empirini

73 3265 236 3326 et-Gritiei
257 3284 324 3326 oum
347 3266 404 3325 sibi
427 3267 557 3326 inuicem
569 3264 774 3342 gratulentur,
796 3281 832 3323 ne
851 3262 879 3320 si
901 3259 959 3320 soii
983 3263 1102 3328 essent,

60 3384 125 3460 ¹qui
144 3384 285 3459 ingentes
307 3385 478 3444 titternrnm
498 3383 596 3442 modes
613 3382 741 3460 aggredi
760 3379 922 3450 auderent,
943 3395 1012 3436 enm
1029 3371 1101 3432 Pin-

74 3500 193 3578 iosophi
214 3501 278 3560 suis
296 3501 393 3560 solum
423 3499 681 3578 speculationibus
710 3497 906 3574 indulgeant,
940 3501 1003 3552 tum
1029 3507 1102 3549 saue

73 3617 331 3696 mngnitoqnentie
364 3623 508 3684 utuntur,
537 3633 638 3692 neque
664 3616 815 3673 notionem
844 3607 998 3691 cogitandi
1027 3604 1101 3664 setis

74 3734 236 3793 aestiment.
344 3743 351 3760 ¹
