2460 4178
101 349 294 427 objectorum
316 349 392 407 lidcl
426 354 556 427 negent,
579 350 602 408 i.
623 367 652 407 c.
678 355 765 411 ertru
793 348 873 407 liner
904 364 983 409 enee
1011 350 1130 427 puellm

101 482 173 524 erre
194 464 309 527 volunt.
355 466 398 524 ltin
418 473 520 525 entem
540 464 662 540 negotio
685 464 767 525 nulio
786 472 836 525 ort
854 464 1064 537 rnnlirilrfim
1081 465 1130 525 rei

101 581 358 660 quemrdmorlunr
375 583 457 641 intro
476 582 626 641 terminon
646 598 720 639 ruor
745 598 800 641 ree
818 579 857 641 rii
885 598 921 639 re
947 583 1132 659 pertinenter
1173 598 1176 667 j

101 703 218 760 rollone
231 700 360 776 pocltirr
383 704 491 757 teuent
512 699 567 771 illi,
589 699 631 757 ite
648 697 960 773 realitatemnuoquc
984 702 1131 759 extrrcor
1174 674 1176 693 Ι

101 817 180 875 liner
203 819 384 875 collocutum
409 833 480 873 erec
500 831 671 892 rguorccrc
692 820 833 890 poruuul.
885 810 941 871 Sic
965 830 1043 871 uero
1063 829 1133 873 notu

101 934 311 993 reconciliatio
343 910 425 991 inter
455 932 550 991 litlenr
585 941 619 989 ot
657 929 849 989 intellectum
888 937 1089 1005 computetur
1098 925 1132 1009 ¹).

100 1050 238 1126 cogitari
260 1066 319 1107 non
342 1058 447 1128 potent
469 1049 742 1127 plraenomenorum
763 1040 938 1121 multitudo,
958 1045 1021 1105 uiri
1032 1062 1132 1105 moer

101 1170 152 1225 tiae
175 1168 294 1225 unltctc
316 1166 429 1236 ruditu,
452 1183 551 1242 neque
574 1163 693 1222 linitum
714 1161 774 1221 uiri
797 1179 851 1238 per
875 1159 1051 1233 inlinitum,
1081 1178 1132 1219 nec

100 1282 211 1341 viriiriii
237 1281 294 1338 nisi
314 1299 370 1357 per
389 1280 554 1342 inviriiriie.
598 1279 676 1354 Quoe
696 1286 798 1338 nutem
813 1276 1045 1355 comprehendi
1066 1296 1132 1357 pur·

99 1408 181 1468 norit,
204 1397 360 1475 pertinent
380 1396 417 1455 nl
438 1416 486 1453 res
509 1396 627 1467 linitos;
649 1415 716 1455 nrm
740 1394 791 1453 ulti
811 1392 1057 1470 eompreiteurio
1074 1400 1131 1465 erl,

100 1514 140 1573 ibi
165 1520 390 1572 momentorum
413 1532 535 1591 quoqne
558 1510 736 1583 discrimen,
761 1517 794 1567 et
819 1508 871 1567 ubi
898 1508 1068 1569 discrimen
1092 1511 1131 1569 ibi

100 1638 252 1689 momento
281 1629 376 1687 linito.
433 1628 541 1687 'l'nlrm
574 1629 667 1705 igitur
704 1646 808 1686 rerum
842 1633 876 1685 et
907 1638 1131 1689 momentorum

101 1748 255 1805 linitornrn
277 1747 433 1820 regionem
457 1745 634 1802 intellectus
653 1744 683 1803 in
703 1762 788 1803 ouum
801 1742 917 1822 redigit
929 1753 1132 1823 potestate-3

100 1881 226 1937 regnunt
259 1869 359 1919 nutem
391 1859 520 1918 infinitm
550 1870 582 1918 et
607 1860 766 1921 invisibilis
794 1861 969 1921 existentiae
999 1863 1074 1923 licet
1097 1882 1133 1923 ex

100 1977 331 2037 iimitotionilrnr
360 1976 496 2053 regionis
527 1994 592 2033 uuae
620 1995 795 2053 supremum
826 1977 895 2054 ejue
916 1996 1042 2039 crurum
1064 1978 1132 2039 intio

100 2096 296 2173 repetendum
322 2111 392 2152 cere
414 2093 578 2169 intelliget,
601 2111 661 2151 non
682 2101 822 2171 occupet.
864 2094 913 2153 Ne
934 2112 1011 2154 vero
1031 2096 1132 2155 noun

101 2212 138 2270 nl
161 2232 285 2290 regnum
309 2210 384 2270 illud
407 2208 624 2287 praeclndntur,
649 2210 717 2281 elin,
741 2229 800 2287 qne
818 2210 968 2287 cupiatur,
1006 2208 1133 2271 incultu
1166 2232 1170 2239 ·

99 2328 215 2386 homini
239 2330 328 2399 insit,
355 2346 483 2386 necesse
506 2334 571 2392 eut‚·
599 2334 691 2402 elque
717 2326 759 2385 ite
782 2344 858 2386 uovr
880 2328 911 2385 in
936 2327 1005 2405 ipre
1031 2333 1133 2387 mento

99 2444 228 2503 humone
251 2444 341 2502 crinin
365 2444 446 2500 inter
466 2439 657 2501 intellectum
682 2443 719 2500 ub
744 2445 839 2503 nitere
861 2454 950 2521 porte
971 2451 1005 2502 et
1026 2444 1132 2503 volu*

99 2570 192 2619 tutem
215 2570 308 2637 utque
327 2579 450 2618 sericum
471 2558 508 2616 uir
530 2559 629 2619 uitem
651 2558 779 2623 cecedit.

182 2674 241 2732 Per
258 2674 445 2755 rolnntalern
466 2676 533 2733 fieri
554 2682 665 2752 potest,
686 2684 719 2735 ot
741 2676 833 2734 homo
851 2676 879 2735 ri
896 2674 1131 2754 subjectivitrlir

98 2809 194 2869 regno
220 2798 339 2849 mterno
359 2800 451 2868 elque
476 2791 596 2851 infinito
618 2810 688 2851 sese
711 2792 860 2864 immolet,
883 2796 976 2869 etque
994 2790 1054 2851 irre
1077 2791 1131 2851 iul·

97 2908 232 2970 moiunlli
248 2908 370 2966 notione
388 2918 529 2966 serretur
539 2917 572 2967 ct
587 2921 775 2971 momentum
787 2907 906 2968 iinltnnr
921 2916 952 2965 et
965 2906 1129 2976 inlinitum,

96 3028 229 3087 truditur
252 3026 333 3086 euim
361 3024 531 3104 subjectum
555 3026 689 3098 linitum,
720 3032 811 3104 etque
836 3026 878 3082 ito
898 3023 1020 3083 infinito
1043 3025 1129 3083 solie

98 3142 166 3202 lieri
195 3152 312 3221 polest;
343 3143 397 3201 seu
426 3144 518 3202 homo
548 3143 653 3203 finitus
672 3145 739 3221 ipse
762 3160 796 3200 sc
822 3140 932 3210 trudit,
965 3150 1061 3219 utque
1088 3142 1129 3199 in

102 3330 449 3343 Ἢ

169 3457 192 3523 ¹)
212 3464 275 3522 Quo
295 3461 405 3512 notionis
424 3460 521 3513 critice
535 3461 698 3512 theoremate
709 3460 836 3524 quomodo
852 3457 974 3523 licutino,
992 3459 1130 3521 secorius,

214 3553 480 3619 Sclnleiermechcrus,
499 3553 615 3615 Frisios,
629 3552 744 3616 theologi
752 3551 927 3604 euleoticisrno
935 3550 1023 3616 dediti,
1043 3550 1128 3602 morli-

217 3644 362 3709 ficuverint,
381 3661 438 3695 cnm
458 3647 489 3696 tle
507 3654 603 3699 nature
621 3646 762 3698 colticismi
786 3646 813 3697 in
831 3644 983 3697 universum
1008 3648 1128 3711 spectatu

95 3732 185 3904 ἵ·
215 3733 259 3788 lrio
277 3733 447 3802 tlepolemus,
465 3750 517 3788 uon
533 3739 614 3802 liujus
632 3738 683 3790 loci
700 3744 743 3791 ert
760 3738 912 3793 accuratior
929 3753 1073 3804 exponere.
