2460 4178
546 162 598 232 5⁷

55 376 175 442 satem,
197 371 250 447 qui
267 366 392 428 nartem
412 366 481 427 deri
504 372 623 447 posset,
644 374 680 428 ut
700 375 784 428 tauta
800 358 943 428 eeclesias
963 375 1090 447 raptura

56 486 219 555 existeret,
241 481 435 560 respondere
458 482 549 556 licet,
580 483 661 544 nulla
681 483 740 544 alia
765 484 885 542 ratione
910 487 1090 574 pravitatem

56 600 199 661 tandum
222 599 340 676 corrigi
373 602 534 677 potuisse,
556 601 614 659 nisi
637 601 800 676 negatione
819 599 1091 677 pboeaomenorum

56 716 95 775 ad
116 717 285 778 vessentiam
306 721 544 792 penetraretnr,
567 717 625 775 nisi
647 715 805 775 distinctio
833 717 914 774 luter
935 716 1035 776 ideam
1059 726 1090 776 et

56 831 205 905 iormam,
234 833 315 892 luter
343 833 507 892 ecclesiam
539 832 690 892 risibilem
718 841 752 890 et
781 831 964 891 invisibilem
996 841 1089 910 atque

56 947 137 1007 adeo
159 957 267 1007 contra
288 947 495 1009 hierarchiam
513 948 672 1009 rebellatio
687 947 790 1007 fleret.
826 945 885 1006 Ubi
903 948 983 1005 euim
1004 960 1090 1006 mens
1135 924 1137 929 Ι

56 1066 278 1140 cognoscentis
308 1065 441 1126 hominis
472 1064 547 1125 nihil
579 1063 661 1123 aliud
694 1063 768 1141 agit,
801 1082 889 1141 qnam
920 1071 954 1122 ut
981 1064 1089 1123 alienoe

56 1183 251 1241 auctoritatis
270 1184 453 1262 mancipium
478 1182 549 1252 liat,
579 1181 622 1239 ibi
645 1199 751 1256 magua
777 1197 902 1258 semper
925 1181 1008 1239 inter
1034 1182 1088 1240 ob-

51 1297 173 1376 jectum
201 1301 341 1360 veritatis
361 1309 392 1359 et
419 1304 626 1378 spectatorem
658 1296 802 1356 distantia
829 1303 902 1380 est,
932 1303 1023 1375 atque
1058 1299 1088 1358 iu

56 1412 119 1472 hoc
151 1415 340 1502 posilirismo
367 1417 521 1475 oscillatio
547 1422 694 1492 perpetua
723 1410 1029 1474 inter-obedientiam
1058 1423 1089 1474 et

56 1531 292 1592 rebellationem
322 1532 480 1590 observari
519 1538 631 1608 potest.
688 1527 870 1586 obedientia
905 1549 1000 1592 coeca
1027 1542 1087 1604 est,

58 1655 209 1726 quatenns
230 1648 399 1728 subjectum
420 1646 637 1725 obstringitur,
661 1652 693 1702 ut
712 1649 799 1703 extra
820 1661 855 1703 ae
878 1653 995 1721 quaerat
1020 1648 1091 1731 spb-

57 1765 221 1834 ataotiam;
264 1764 425 1823 rebellatio
454 1771 555 1822 aulem
592 1763 708 1832 oritur,
745 1779 814 1819 cum
847 1779 883 1820 ea
920 1761 1090 1841 substantia

58 1879 127 1957 ejus
151 1888 291 1940 naturam
317 1879 448 1939 efficere
472 1898 531 1939 nou
556 1879 714 1950 rideatur,
733 1876 789 1936 sed
815 1878 898 1936 sicut
922 1877 967 1934 ris
992 1878 1092 1939 aliena

58 1997 201 2055 timorem
226 1997 358 2074 injiciat3
381 2015 475 2075 quare
498 1995 726 2085 Catholicorum
740 1995 827 2073 fides
845 2001 893 2052 est
915 1995 994 2052 ratio
1020 2015 1088 2055 ser-

56 2113 193 2181 vitutis,
212 2117 244 2170 el
265 2111 468 2172 diffidentiam
487 2113 615 2190 aliquem
637 2118 762 2188 semper
781 2111 929 2169 eontinet.

141 2224 185 2286 Ut
214 2245 319 2288 rerum
351 2228 419 2287 luce
446 2220 583 2286 veritatis
616 2226 799 2303 aspiciatur,
834 2227 913 2284 ratio
941 2227 1091 2304 objectiva

58 2344 208 2403 rationem
229 2345 427 2422 subjectivum
448 2349 601 2423 penetret,
625 2359 755 2400 necesse
775 2348 840 2413 est,
864 2349 976 2402 utrem
995 2344 1088 2422 ipsam

59 2477 120 2518 uon
148 2459 247 2520 minus
280 2469 367 2520 certe
388 2472 419 2520 et
450 2460 581 2520 tirmiter
608 2477 696 2536 quarn
728 2467 862 2518 nostram
893 2462 991 2519 nostri
1016 2479 1090 2520 con-

58 2577 218 2636 scientiam
239 2577 460 2656 possideamus.

144 2694 219 2770 Quae
244 2694 353 2754 relatio
376 2695 427 2753 ubi
443 2690 620 2752 immediate
640 2697 778 2770 apparet,
800 2689 878 2750 fider
901 2709 1009 2751 revera
1030 2692 1089 2752 dici

60 2818 173 2889 potest.
225 2810 288 2870 Per
313 2809 466 2889 ejusmodi
491 2807 583 2867 iidem
614 2815 732 2867 tantum
752 2807 861 2880 abest,
882 2817 915 2867 nt
938 2810 999 2868 rita
1020 2809 1090 2868 sub-

59 2928 172 3006 jectlua
189 2927 306 3005 objecti
329 2928 458 2987 vinculis
483 2927 706 3004 restringatur,
734 2932 768 2984 ut
796 2925 987 3004 subjectum,
1020 2945 1088 2985 cum

59 3044 223 3123 intelligat,
253 3045 430 3105 alimentum
459 3063 493 3102 se
519 3061 633 3121 capere
666 3059 705 3099 ex
735 3041 958 3120 objectivitate,
1001 3041 1091 3119 plena

60 3159 172 3219 fiducia
196 3159 321 3238 objecto
338 3178 372 3219 ac
390 3159 505 3230 tradat,
536 3164 627 3236 atque
650 3157 718 3214 haec
740 3165 788 3214 est
813 3155 889 3214 fides
918 3164 1090 3234 protestan-

61 3275 133 3348 tico,
164 3295 233 3354 quoe
263 3275 372 3335 fractis
402 3273 585 3353 positivismi
609 3272 757 3344 vinculis,
781 3274 953 3332 libertatem
978 3276 1090 3333 coristi-

61 3393 121 3451 tuit
152 3393 277 3458 realem.
336 3391 383 3452 Eo
410 3393 506 3471 igitur
539 3392 691 3451 libertatis
723 3388 854 3469 palladio
884 3389 1092 3468 deprehenso,

60 3526 199 3585 ‹puaenam
214 3508 483 3588 pbaenomeuorum
501 3509 666 3586 praestigias
680 3515 813 3566 mentem
828 3507 990 3578 seducere,
1007 3526 1089 3585 qum-

62 3644 129 3683 uam
153 3627 197 3684 vis
222 3637 349 3686 externa
369 3626 462 3685 animi
486 3626 662 3685 firmitatem
686 3601 855 3683 concutere
876 3622 1005 3702 posset?
1048 3622 1091 3680 lta

60 3742 203 3800 corastitit
229 3742 281 3800 ille
303 3746 350 3802 vir
374 3741 447 3810 tter,
474 3763 563 3820 quem
596 3742 832 3804 Protestautium
862 3740 953 3798 facile
976 3737 1091 3814 princi-
