2460 4178
456 1092 572 1180 Pars
602 1092 713 1179 lma.

65 1268 180 1323 Relatio
199 1268 274 1323 inter
292 1271 503 1341 philosophiam
522 1279 551 1327 et
569 1272 719 1327 historiam
735 1272 763 1324 in
779 1269 943 1323 universum
959 1274 1086 1338 spectata

544 1442 615 1523 §a

64 1552 217 1660 'friam
250 1601 342 1661 toruo:
377 1604 539 1675 ,pedam
567 1613 702 1664 tenuero
729 1595 834 1661 cestr·
863 1615 923 1658 non
949 1598 1093 1677 propina

64 1715 186 1775 torihas
209 1716 327 1789 sotum,
350 1713 408 1774 sed
436 1717 545 1790 etiam,
573 1718 599 1776 si
629 1715 667 1776 ad
691 1714 846 1794 vulgarem
872 1713 1094 1775 conscientiam

65 1831 116 1890 sui
136 1830 308 1904 humanam,
330 1831 369 1890 de
392 1832 531 1892 historiae
553 1841 585 1892 et
606 1831 811 1924 philosophica
833 1849 913 1891 nexu
935 1830 1093 1891 disseren-

66 1953 149 2019 tem,
176 1947 363 2019 attenderis,
394 1948 565 2023 litterarum
595 1949 740 2009 studiosis
766 1949 857 2009 etiam
883 1954 975 2025 atquo
1000 1947 1092 2007 etiam

66 2063 311 2123 commendatum
333 2063 450 2130 audies.
464 2097 504 2108 —
517 2063 682 2126 Laudanda
700 2075 759 2139 est,
780 2064 930 2143 inqviaot,
953 2061 1094 2133 historia,

67 2179 128 2238 nisi
149 2180 230 2239 onim
255 2196 374 2239 sommo
393 2179 499 2241 studio
524 2199 578 2240 res
599 2183 677 2259 ipsoe
699 2183 974 2258 investigarauturs
994 2179 1094 2241 inanis

68 2303 155 2355 esset
183 2297 281 2356 amaia
308 2299 454 2376 cogitatio
480 2301 512 2357 et
541 2296 706 2372 nebulosa,
740 2316 840 2376 nequo
869 2297 1094 2356 contemnenda

67 2418 118 2470 cst
142 2411 354 2492 phitosophia3
383 2415 549 2474 historicus
568 2417 668 2490 enim,
698 2433 737 2474 na
758 2413 908 2473 doctrinae
931 2413 1109 2474 theocorus-

67 2546 167 2588 massa
203 2529 344 2590 informis
378 2537 500 2592 maneat
534 2537 567 2591 et
596 2535 689 2594 rudia
722 2535 947 2613 indigestaque
983 2532 1093 2602 motos,

67 2644 176 2722 iogicis
203 2645 318 2724 rcguiis
347 2646 482 2725 adjuvari
509 2647 614 2713 debet.
664 2647 831 2709 Prudentis
856 2647 951 2726 igitar
977 2651 1026 2705 cst
1045 2664 1094 2706 cs·

65 2778 150 2834 vere,
172 2779 211 2821 nc
226 2761 313 2841 josto
331 2764 420 2822 nimis
439 2765 470 2823 in
491 2764 571 2826 hanc
592 2769 639 2827 vet
661 2769 744 2828 ittam
767 2775 882 2846 partem
903 2760 1093 2834 declinatum

67 2895 109 2936 nc
129 2896 198 2956 qaae
217 2879 255 2939 ad
276 2872 313 2938 τὸ
335 2880 449 2958 aptiori
472 2888 504 2940 et
520 2900 589 2959 qurc
604 2882 642 2943 ad
657 2879 694 2943 τὸ
707 2883 893 2962 aposteriori
908 2881 1094 2959 pertineant,

67 2993 306 3054 contundantur.

151 3110 225 3170 Haec
248 3118 348 3170 aotam
367 3115 463 3173 amica
484 3113 696 3176 etfamiliaris
723 3114 901 3175 sobrietatis
924 3120 956 3174 et
976 3113 1094 3173 medio·

65 3226 184 3286 critatis
205 3227 391 3300 cohortatio,
421 3230 495 3288 ticet
514 3231 614 3307 primo
635 3231 742 3291 obtutu
766 3233 880 3311 optima
896 3237 929 3290 ct
946 3232 1096 3292 tutissima

68 3360 139 3401 esse
159 3343 317 3414 videatur,
342 3345 463 3422 quando
482 3345 518 3404 ad
544 3364 609 3406 rem
636 3349 731 3428 ipsam
754 3348 978 3431 explorandam·
994 3355 1094 3409 trans·

66 3459 237 3536 gredimur‚
262 3479 333 3538 vaga
355 3470 401 3519 est
422 3469 515 3540 atque
539 3465 667 3525 incerta.

150 3577 210 3636 Ubi
239 3577 320 3636 enim
339 3579 486 3657 cogitatio
508 3580 546 3641 ast
576 3583 734 3662 empiriam
756 3581 1011 3646 accommodanda
1035 3590 1096 3654 cst,

66 3693 182 3751 otrico
203 3712 289 3752 versa
311 3696 438 3772 empiria
454 3699 649 3775 cogitationis
668 3719 727 3780 opc
745 3702 937 3784 corrigentis,
957 3701 1096 3763 absoluta
1148 3783 1151 3787 Ι

879 3808 891 3857 1
