2460 4178
599 143 651 211 45

97 352 135 410 ie
165 350 234 428 lpse
266 347 421 424 religiose
443 351 604 408 seleutiu-
626 346 796 428 perfeetum
817 366 976 429 querere,
1003 367 1074 409 cun
1100 366 1138 409 ee

98 470 147 528 sit
168 465 294 527 tudetes
311 464 351 527 τῦ
369 463 483 537 αἰῶνος
502 457 590 539 reiro,
611 472 647 524 ut
665 467 697 524 iu
712 465 883 545 lngmeutu
897 466 1026 546 disjecto
1046 465 1138 526 dlrsl·

100 590 220 665 peulur
239 583 341 642 smsiu
364 584 438 642 riter
457 583 621 642 elementa.
664 583 740 642 Cum
764 585 879 643 veritos
900 585 964 662 lpse
986 585 1042 655 rit,
1068 600 1137 660 quur

101 700 318 779 coguitionem
333 702 382 802 sui
402 702 435 759 iu
452 702 562 760 suimis
579 702 693 760 uostris
705 700 860 774 efformet,
883 699 1039 779 quomodo
1058 702 1137 760 reri·

100 824 202 879 tutem
223 817 495 894 comprehendere
515 819 695 896 poterimus,
716 825 878 896 antequem
901 815 939 875 ud
962 817 1137 878 menifestu-

102 937 226 995 tiunem
248 933 296 993 sui
317 935 439 1014 plenum
462 936 648 1014 peruenerit.

191 1054 292 1132 Atque
309 1053 378 1112 lurrc
390 1055 529 1113 scientiae
550 1059 664 1111 nostrae
679 1051 820 1110 limitatio
840 1061 897 1122 est,
915 1068 1002 1128 quum
1020 1051 1137 1128 vulgrrl

102 1170 201 1231 modo
224 1171 268 1230 itu
289 1170 480 1249 exprimuntz
503 1167 657 1228 nonnullae
683 1168 806 1246 quidem
827 1187 879 1226 res
905 1168 1035 1244 intelligi
1065 1185 1137 1246 pos·

102 1295 180 1348 sunt
199 1287 236 1347 uh
257 1286 443 1357 hominihus,
464 1286 521 1346 sed
544 1305 604 1345 non
625 1302 750 1355 omues,
771 1302 830 1342 non
850 1283 1019 1344 citissime.

189 1403 224 1463 Si
251 1421 326 1460 vero
356 1404 398 1461 its
430 1421 483 1461 res
511 1421 618 1461 omnes
644 1402 682 1461 ud
711 1401 786 1461 durs
806 1403 920 1461 olssses
943 1401 1134 1476 referuntur,

105 1539 232 1592 eurum,
264 1536 334 1598 quse
362 1517 582 1598 comprehendi
612 1524 751 1596 possunt,
778 1526 810 1576 et
839 1537 959 1590 eornm,
982 1538 1051 1597 quie
1074 1538 1135 1580 nun

105 1643 247 1718 possunt,
265 1634 375 1695 utilite
388 1633 534 1708 sdextru,
556 1635 624 1694 haec
643 1656 660 1694 e
683 1635 807 1694 sinistre
825 1653 914 1694 munu
927 1634 1045 1694 adsint:
1064 1653 1136 1713 pro·

104 1756 195 1814 lecto
217 1753 291 1813 lude
314 1754 465 1830 sequitur,
482 1760 515 1812 ut
536 1760 587 1813 sut
607 1771 715 1811 ornnes
737 1760 789 1811 out
809 1752 900 1811 nullte
916 1752 1136 1830 comprehendi

105 1871 240 1950 possint.
282 1868 316 1927 Si
338 1869 420 1927 enim
444 1889 460 1928 u
484 1880 571 1948 perte
592 1863 707 1944 esrum,
729 1889 797 1949 quae
818 1869 1039 1948 comprehendi
1065 1888 1136 1950 pos·

105 1993 190 2058 sunt,
213 1985 401 2066 egredimur,
423 1987 627 2046 terminantur
651 1986 883 2048 etdellnluntur
903 1989 951 2063 iis,
973 2006 1136 2068 qnaeeom·

82 2085 88 2093 ⁸
107 2101 260 2183 prehendi
282 2120 343 2168 nou
358 2110 505 2180 possunt,
532 2123 628 2180 quiere
647 2124 715 2165 eum
733 2108 809 2167 flues
828 2106 959 2166 heheunt
977 2105 1137 2176 uhsurdos,

106 2219 249 2280 sbsurdoe
277 2225 349 2278 sunt
379 2236 436 2277 nec
469 2222 691 2299 comprehendi
726 2231 864 2302 possunt.
914 2224 967 2283 Sln
994 2241 1068 2281 vero
1098 2224 1136 2282 rh

107 2339 160 2410 iis,
180 2355 249 2415 quse
273 2335 496 2414 comprehendi
524 2356 582 2396 non
613 2345 757 2417 possunt,
790 2339 908 2398 initium
933 2337 1077 2411 inclinus,
1104 2341 1135 2399 in

108 2473 174 2525 ess,
195 2472 264 2532 quie
285 2452 506 2531 comprehendi
528 2458 661 2534 possint,
684 2463 803 2529 exeunt,
825 2465 917 2534 utque
939 2457 980 2515 ltu
994 2473 1136 2534 compre·

107 2569 283 2632 heuduntnr
305 2571 391 2648 lpsee,
415 2589 543 2631 necesse
560 2581 618 2631 ert.
662 2572 705 2632 Ut
725 2573 896 2651 exemplum
916 2573 1007 2652 hnjur
1032 2573 1077 2632 rel
1099 2589 1137 2633 ex

107 2689 176 2767 ipsu
199 2685 369 2766 dogmatice
391 2695 545 2766 petemus:
568 2688 724 2768 Pelagioni
747 2707 853 2749 omnes
874 2690 944 2750 ultre
960 2690 1016 2768 ple
1040 2690 1136 2749 sctlo-

109 2824 166 2866 nes
188 2805 345 2883 explicere
366 2805 425 2864 sihi
443 2804 596 2878 videntur,
619 2806 740 2884 quurrdo
760 2808 845 2866 vires
864 2807 1004 2867 humone
1021 2813 1136 2866 riuturte

108 2925 245 3001 integrus
265 2921 437 2996 vindicent3
455 2923 667 3000 Augustinioni
689 2930 805 2996 contre,
829 2943 888 3004 quo
912 2933 1046 2985 nuturum
1064 2943 1136 3003 peu·

108 3041 171 3100 cuti
199 3047 232 3099 et
260 3039 502 3117 regenerationis
530 3048 617 3100 rente
650 3042 904 3120 interpretentur,
943 3038 980 3099 ud
1020 3041 1136 3118 lupsunu

110 3156 218 3218 Adurni
240 3157 297 3216 tuti
328 3159 434 3237 generi
457 3158 587 3218 humsno
608 3159 801 3237 pestiferum,
824 3156 859 3216 ud
884 3156 1011 3236 grutlum
1035 3156 1090 3217 llel
1105 3168 1137 3219 et

104 3277 255 3357 justitium
270 3281 449 3357 provocent,
468 3283 630 3335 monentes
652 3282 763 3348 tumen,
787 3274 882 3334 ileum
900 3272 1008 3335 Aduml
1020 3274 1135 3353 lupuuru

230 3559 279 3610 (lm
297 3559 427 3624 Begrebei
445 3557 597 3624 Dngmetik.
623 3555 678 3625 Si.
719 3555 778 3612 cte.
798 3555 924 3607 stetere:
949 3554 998 3606 Oui
1016 3551 1135 3616 Erigitu-

232 3652 303 3704 delse
320 3669 355 3718 og
373 3649 572 3717 Grsudskuingt
600 3649 660 3719 §10
698 3648 810 3715 Scimus,
830 3647 893 3716 quir
912 3645 1075 3713 occepimus:
1101 3643 1135 3695 ΑΙ

231 3745 381 3809 Erkjeudes
401 3747 615 3812 cruentetur,
642 3746 784 3808 Modtngeu
804 3755 838 3804 og
856 3740 956 3792 Siren.

385 3854 546 3927 ἡ
