2460 4178
587 100 638 170 56

94 317 210 376 irrisere
246 311 400 372 credatur.
456 310 531 384 Quae
556 327 626 368 eum
654 307 699 367 ita
734 309 814 379 siut,
842 324 903 365 usn
928 305 1044 369 mirs-
1072 312 1127 374 eat,

94 430 199 510 quod,
235 426 417 489 abalienatio
453 426 581 504 spiritus
618 430 652 483 et
685 425 827 483 veritatis
862 442 880 484 a
913 422 1126 502 phoenomenis

95 547 231 607 externis
255 562 293 602 eo
320 561 403 622 saepe
433 558 597 620 progressa
626 546 690 610 est,
718 548 750 598 ut
776 560 815 598 ue
838 539 979 599 irouestoe
1001 540 1125 619 quidem

96 663 205 723 iormre
224 660 411 732 manserint,
434 656 580 736 quodque
603 653 826 715 Gatiroiieismo
845 655 977 727 recidit,
995 665 1032 717 ut
1056 658 1127 721 iieet

95 779 283 839 testimoniis
317 775 476 835 historicis
514 773 643 831 maxime
686 771 838 844 eouiiiat,
873 772 984 832 iisdem
1026 783 1128 835 tanen

94 912 180 973 serpe
201 895 389 953 erubescere
413 888 590 968 rogatur1).

563 1039 582 1117 ς
610 1038 659 1098 ra.

177 1179 413 1240 Catholicismus
453 1198 521 1239 eum
559 1176 734 1256 perfeetum
767 1180 832 1236 reri
867 1138 1023 1258 oi’jeetum
1057 1202 1127 1263 spe·

95 1297 207 1357 etatori
230 1313 403 1375 proponere
423 1302 562 1368 conetur,
582 1313 706 1373 semper
729 1312 766 1352 eo
785 1295 895 1367 tendit,
918 1303 952 1354 ut
965 1299 1128 1358 eouseieu-

95 1416 137 1473 tia
159 1414 206 1472 sui
236 1413 365 1472 humeua
387 1412 493 1470 oeuios
516 1431 533 1472 a
556 1411 721 1489 semetipsa
747 1408 778 1469 iu
807 1429 856 1469 res
886 1419 1029 1473 externas
1053 1433 1129 1475 eou-

96 1538 205 1592 rertat.
248 1526 323 1588 iude
342 1547 416 1587 vero
438 1530 590 1607 sequitur,
613 1535 647 1587 ut
669 1527 790 1607 objecta
814 1529 901 1604 regui
927 1528 1022 1588 divini
1052 1531 1128 1590 ima-

95 1648 197 1726 ginum
215 1645 445 1705 iimitatiouibus
467 1653 590 1723 aequent
611 1646 783 1715 terrestria,
803 1655 895 1723 utque
915 1647 987 1705 irino
1004 1655 1129 1706 saneto-

96 1782 164 1822 rum
195 1762 380 1838 proieuutio.
438 1760 521 1821 Cum
550 1781 624 1821 vero
662 1761 812 1821 eoelestia
849 1764 990 1822 terrestri
1023 1764 1128 1825 habitu

96 1877 269 1948 induerint,
299 1877 480 1948 terrestria,
518 1884 625 1956 utpote
657 1898 726 1956 quae
757 1877 946 1938 divinitatem
974 1881 1128 1942 irreiusam

96 1996 244 2064 habeant,
271 1994 307 2052 ud
331 1996 543 2054 auctoritatem
571 1994 701 2053 divinam
730 1994 891 2054 ereheuria
918 2004 1006 2066 suut,
1035 2008 1129 2079 atque

95 2111 167 2171 iude
200 2110 397 2189 proiauorum
431 2098 571 2188 seqnitur
602 2107 810 2190 venerum’).
873 2110 950 2186 Ques
986 2110 1139 2176 eoniusio'

97 2228 320 2288 elementorum
355 2228 483 2289 barbara
506 2247 575 2288 cum
612 2229 642 2288 in
677 2227 849 2290 theucrniia
886 2231 1128 2309 gubernationis,

96 2349 127 2405 iu
146 2344 391 2404 selroiastieismo
404 2345 555 2415 seientiae,
572 2346 602 2402 iu
626 2347 771 2423 operibus
793 2348 863 2406 vitoe
886 2349 944 2427 piae
961 2352 1129 2429 operandis

97 2463 171 2524 satis
193 2460 396 2541 apperuisset,
421 2459 610 2519 couscientia
635 2461 680 2520 sui
712 2482 728 2522 a
755 2481 823 2522 sese
839 2464 904 2544 jam
928 2463 981 2525 riiu
1002 2468 1130 2530 exulans

96 2581 127 2640 iu
159 2580 356 2655 semetipsam
388 2576 445 2634 viis
476 2578 617 2638 omuibus
645 2578 749 2640 redire
768 2579 923 2660 eoepit³).
964 2584 1128 2659 Quaerenti

95 2692 417 2710 μοι

168 2739 192 2807 1)
213 2738 344 2791 Ber-onius
368 2739 546 2808 „signifloevit
574 2756 623 2791 suo
649 2743 709 2792 Juo.
728 2740 880 2810 sirmondo,
911 2744 975 2797 nihii
1001 2761 1032 2798 se
1056 2763 1130 2816 eque

217 2832 421 2894 reformidasse,
449 2849 526 2901 quem
551 2833 688 2899 pervenire
713 2835 746 2885 eri
774 2836 823 2888 hoe
846 2842 949 2904 tempus
975 2839 1011 2905 (or
1037 2843 1127 2906 magni

217 2924 372 2978 Sohismatis
391 2924 552 2993 Oeeidentis)
572 2927 681 2994 dequo,
700 2928 759 2996 quid
786 2931 952 2982 statuendum
977 2946 1029 2982 non
1054 2939 1128 2985 esset

217 3019 297 3070 iibere
316 3016 550 3084 pronuntiaturus“
569 3018 588 3068 l.
609 3018 627 3068 Ι.
646 3035 671 3084 p.
684 3018 726 3070 49.

165 3111 190 3176 ²)
210 3114 260 3163 eir.
270 3111 368 3175 iiogel:
384 3109 779 3178 (iesehieirtederPhiiosopirie.
797 3113 856 3164 θέοι·
866 3115 1042 3181 usurpare.
1055 3133 1128 3185 seqq.

168 3203 193 3268 ³)
210 3205 294 3268 Hegrl
311 3204 328 3254 l.
345 3203 364 3254 1.
382 3219 407 3268 p.
425 3203 484 3255 26⁷.
510 3203 560 3256 Die
573 3205 803 3272 audereSeiteisi,
816 3207 878 3258 desa
891 3207 1049 3276 «10,szng
1068 3227 1128 3263 was

216 3311 251 3347 on
267 3296 320 3346 und
338 3296 383 3344 fiir
401 3295 459 3346 sieh
477 3296 553 3346 wahe
569 3297 613 3363 ist,
633 3298 702 3348 aneh
721 3299 849 3364 erkonnt,
868 3300 1020 3364 eui’gei’ssst
1042 3304 1130 3356 werria

217 3386 299 3438 dureh
317 3386 366 3436 des
384 3384 456 3437 raino
473 3387 544 3438 Here
563 3386 662 3456 selbst3
686 3392 731 3442 der
756 3390 846 3456 eigeue
864 3391 939 3444 Geist
964 3395 1053 3446 machi
1070 3397 1129 3449 sieir

216 3480 260 3530 ior
288 3477 344 3530 sinii
370 3479 419 3530 des
448 3478 539 3546 Euige
565 3496 599 3532 zo
625 3481 711 3548 sigen.
756 3487 814 3536 Das
836 3483 872 3536 ist
895 3485 941 3537 der
965 3487 1128 3542 lutherisoire

215 3569 316 3622 Gisnis
334 3571 400 3621 ohne
420 3573 531 3624 auderes
550 3572 685 3626 Beiwrsen
711 3573 767 3640 [dis
785 3579 907 3645 werke,
935 3579 984 3631 wie
1011 3597 1073 3633 man
1098 3599 1128 3634 es

216 3664 330 3725 nannte).
