2460 4178
588 138 639 209 85

184 345 427 405 Furrrlamentrie
456 345 551 421 igitur
579 347 802 425 explorationis
832 348 939 409 vitium
961 350 991 408 iu
1014 366 1053 408 eo
1080 366 1133 427 po-

97 468 189 532 nunt,
209 463 292 539 quoi
316 480 376 521 nnn
399 481 417 522 a
438 465 607 524 veracitate
625 465 681 525 liei
699 483 733 523 se
752 463 976 525 manifestantis
995 466 1033 525 ai
1053 466 1133 525 veri·

97 585 194 639 tatem
217 579 491 656 phoeuomenorum
511 588 544 641 et
564 580 732 643 formarum
752 581 970 641 revelationem
992 589 1132 659 spectau-

98 695 176 753 tiam
196 694 418 789 corroluripiurr
437 695 494 753 seri
514 696 552 754 air
575 695 787 773 exploratione
803 697 1077 773 plraeuomennrum
1093 697 1132 759 orl

96 808 333 871 determinanda
353 811 555 870 revelationis
568 819 721 871 momentu
734 818 917 872 transeatur.
953 814 1014 888 Qui
1030 822 1131 875 autem

97 927 314 1003 exploratione
332 928 463 988 lrumaua
478 928 552 989 freti
569 928 607 986 ad
625 927 787 987 tribunalia
800 930 938 1006 empirice
956 937 988 987 et
1005 931 1132 991 rationis

97 1062 151 1103 reo
177 1041 296 1103 «lirinus
323 1044 509 1122 protrahere
537 1043 670 1117 audent,
710 1054 829 1121 partem
858 1045 1131 1123 plraeuomeuorum

96 1160 265 1220 naturalem
290 1168 413 1238 urgent,
432 1161 668 1231 contendentes,
690 1162 871 1238 petitionem
893 1179 961 1220 esse
977 1162 1131 1239 principii,

95 1279 211 1354 siquis
234 1277 307 1335 lirici
327 1279 451 1335 nornine
472 1277 581 1337 formis
596 1286 629 1336 et
645 1277 856 1355 plraeuomeuis
878 1278 1040 1351 turbarem,
1062 1298 1131 1338 curn

95 1394 222 1453 nonnisi
242 1394 278 1453 iis
300 1391 495 1470 explorandis
517 1393 555 1453 ari
576 1391 649 1453 fidei
672 1394 791 1472 objecta
817 1394 992 1455 delinienda
1020 1415 1130 1474 pierre-

96 1511 158 1569 uiri
169 1511 277 1588 possit.
311 1511 412 1587 Atque
433 1509 499 1568 iraec
513 1511 682 1586 persuasio,
704 1529 808 1569 rerum
826 1529 899 1568 reru
916 1510 1131 1569 contradicere

95 1645 159 1686 nou
181 1645 291 1705 posse,
315 1644 415 1702 neque
436 1627 599 1685 veritatem
625 1627 804 1704 empiricam
826 1626 949 1685 ueritati
972 1626 1130 1702 religionis

95 1747 281 1822 repugnare,
299 1745 524 1814 auctoritatem,
545 1744 593 1803 cui
611 1744 713 1802 resisti
731 1760 789 1800 nou
807 1741 913 1819 possit,
930 1740 1001 1800 huic
1015 1741 1130 1801 sclroiae

96 1861 204 1920 tribuit
214 1859 256 1936 ¹).

95 1994 449 2008 ffl—

295 2069 335 2118 Ειι
358 2067 486 2134 pupillum
506 2067 575 2118 oculi
594 2067 718 2118 vuluerat
735 2067 780 2118 ille
798 2067 856 2131 mei.

295 2253 365 2304 Falx
383 2251 476 2304 critice
494 2251 521 2301 iu
541 2250 650 2316 quosvis
671 2265 718 2315 per
736 2266 777 2301 me
795 2255 943 2316 grassetur.
980 2251 1017 2299 At
1033 2246 1092 2299 uuis

177 2368 186 2376 ·
217 2404 221 2410 Ι
294 2348 319 2395 Α
338 2344 433 2395 Biiliis
453 2345 497 2394 tas
516 2348 557 2393 est
574 2341 735 2394 abstinuisse
749 2358 855 2400 monus.

167 2436 195 2505 1)
215 2441 282 2490 Sunt
298 2441 387 2488 temen
406 2441 432 2488 et
448 2436 484 2503 pii
501 2441 528 2488 et
546 2436 613 2488 docti
632 2435 693 2498 viri,
712 2435 755 2500 qui
773 2451 832 2487 cum
850 2433 895 2486 vix
913 2432 1042 2496 hoiennt,
1061 2433 1129 2496 quod

217 2535 271 2582 tem
289 2528 436 2581 manifeste
456 2528 562 2580 veritati
582 2533 722 2594 opponunt,
742 2530 854 2591 pergunt
870 2524 1037 2574 nihilominus
1055 2523 1130 2589 peri-

216 2623 326 2674 culosos
341 2621 400 2672 iude
417 2625 533 2672 metuere
551 2619 767 2693 consequentiae
798 2615 883 2694 Quasi
901 2631 964 2668 vero
984 2632 1000 2667 o
1018 2614 1129 2667 veritate

215 2716 297 2766 nilum
312 2717 375 2776 jare
392 2715 557 2765 metuendum
576 2714 611 2766 sit
626 2712 732 2766 veritati
750 2710 913 2779 pericnluml
939 2712 1040 2763 Verum
1059 2713 1130 2760 certe

216 2822 278 2858 vern
299 2821 402 2873 semper
421 2813 550 2859 consonet
568 2809 670 2874 fertque
688 2824 770 2874 opem,
788 2822 920 2872 uunquam
937 2807 1067 2870 repugnat
1084 2806 1131 2854 eut

209 2899 299 2956 *officit
312 2936 319 2953 .
333 2936 341 2953 .
354 2934 364 2955 .
377 2936 386 2955 .
399 2902 470 2965 Ergo
488 2901 598 2952 candido
611 2907 638 2953 et
655 2900 798 2953 christiano
811 2904 925 2965 pectore,
939 2903 966 2949 et
982 2895 1045 2948 torti
1063 2909 1128 2945 oon-

216 2993 349 3060 stantiqne
359 2994 446 3047 enimn
459 2994 565 3059 dignius
578 3009 640 3045 csse
659 2992 816 3059 existimavi,
831 2992 909 3044 interi
921 2990 949 3040 in
971 2989 1022 3039 hoo
1036 3000 1129 3048 eausa,

216 3086 284 3150 quod
302 3102 346 3137 res
365 3090 415 3152 est,
437 3102 516 3152 quom
534 3102 592 3137 eum
610 3086 744 3137 nonnullis
761 3085 787 3135 id
806 3094 968 3148 oppugnare,
988 3077 1056 3142 quoii
1071 3075 1128 3126 sine

214 3178 308 3231 rubore
334 3180 366 3231 nl
391 3197 437 3245 eo,
457 3179 500 3231 cui
525 3177 637 3240 ingenue
662 3177 816 3238 estuans,
838 3169 930 3235 negari
955 3184 1007 3221 unu
1029 3173 1126 3235 potest.

216 3272 302 3322 Lair.
322 3271 461 3336 Capellae.
479 3275 578 3322 Arcen.
597 3271 684 3334 punct.
719 3266 844 3318 Pretorio
864 3265 898 3316 eri
915 3263 977 3327 lect.

298 3363 487 3428 Cogitationem
507 3369 536 3414 ut
552 3362 638 3428 ipsam
656 3355 863 3422 intelligentiam,
881 3359 970 3421 utpote
992 3370 1048 3421 que
1068 3354 1127 3406 tidei

214 3461 335 3507 notorem
348 3472 395 3521 per
406 3472 436 3507 se
448 3459 595 3521 speotntom
605 3451 746 3515 continent,
757 3463 818 3499 esse
830 3446 1023 3509 irresistibilem
1035 3450 1127 3512 Hege-

215 3550 266 3602 iius
277 3546 552 3614 optimemonstravitr
569 3542 807 3606 Phtnnmenologia
820 3543 866 3594 ‹les
874 3541 979 3593 Geistes
987 3539 1045 3608 (W
1046 3539 1126 3605 erke)

217 3658 244 3706 p,
264 3641 328 3696 410.
364 3641 425 3691 Von
442 3638 529 3689 dieser
548 3636 637 3700 Scite,
661 3638 725 3689 (less
744 3635 815 3689 inice
833 3634 987 3689 weseutlich
1004 3631 1126 3684 desselbe

215 3733 276 3784 sini
294 3736 345 3788 nni
365 3733 406 3785 die
425 3732 577 3796 lierieirunss
601 3733 647 3784 ier
664 3730 754 3785 reineri
773 3728 894 3781 Einsiclrt
919 3726 1000 3779 riurein
1025 3724 1076 3775 und
1100 3721 1126 3772 in
