2460 4178
577 135 649 204 ins

95 342 238 420 negatio,
264 343 362 420 etque
382 341 546 412 delinitur;
574 343 622 400 sin
647 342 801 400 antemio
827 342 991 402 universali
1015 360 1133 415 rorum,

77 476 171 536 'qrae
194 460 415 535 praecesserint
439 464 470 517 et
491 465 674 533 sequuntur,
702 455 771 516 luce
790 458 1014 537 dijudicentur,
1035 461 1134 538 logica

99 580 187 644 suut,
213 580 246 632 ut
263 573 485 652 comprehendi
507 575 633 650 possint.
676 575 778 650 Quare
793 576 972 634 miraculum
996 575 1056 635 diei
1079 594 1134 654 po·

99 697 167 749 test
183 691 358 771 anticipatio
379 691 537 749 relationis
560 691 639 768 ejus,
661 710 727 768 quea
747 695 978 752 internaturam
999 701 1134 752 creatam

95 807 164 885 jem
196 806 406 884 metaphysioe
431 806 629 865 intercedere
643 797 692 866 ‘'et
719 810 791 868 olim
821 809 1026 886 appariturum
1053 827 1134 882 esse,

100 923 196 982 dooet
222 912 348 1002 spiritus
377 924 552 1001 religiosus.
602 924 706 999 Quare
736 927 786 1004 qui
811 924 893 983 Deua
920 925 951 982 in
979 925 1136 995 miraculo,

100 1040 187 1100 idem
211 1041 241 1098 in
265 1045 377 1098 mente.
422 1038 604 1097 Miraoulum
627 1039 723 1116 igitur
743 1040 800 1119 (de
824 1059 861 1098 eo
883 1040 1024 1107 dicimus,
1054 1042 1136 1118 quod

106 1158 140 1215 in
162 1174 343 1233 unaquaque
364 1153 513 1232 religione
536 1156 745 1233 gravissimum
768 1152 832 1243 est)
854 1156 949 1233 ipsam
978 1156 1136 1233 religionis

103 1273 239 1332 rudioem
253 1272 413 1353 ⁸oorrtinet3
435 1270 529 1329 offert
542 1282 727 1330 momentum
748 1272 920 1332 introitionis
938 1271 1136 1346 individuale,

104 1389 174 1466 ejus
193 1390 358 1447 essentiam
370 1389 519 1446 internam
539 1389 667 1464 spiritus
688 1388 848 1466 religionis
867 1390 962 1466 magis
982 1391 1137 1469 magisque

103 1504 255 1583 explanet.
319 1505 395 1562 Cum
427 1522 498 1562 vero
530 1502 708 1565 miraculum
739 1505 855 1563 eltioiot
886 1507 981 1582 ipsum
1009 1507 1137 1583 spiritus

105 1627 334 1698 argumentum,
361 1620 502 1696 prolecto
525 1621 595 1679 inde
617 1623 768 1699 sequitur,
792 1627 824 1677 ut
847 1621 967 1697 quaudo
986 1621 1025 1679 de
1049 1622 1138 1680 reali·

106 1743 171 1797 tate
184 1737 321 1795 miraculi
340 1735 463 1795 dubium
487 1738 654 1809 exoriatur,
677 1737 797 1795 vacillet
814 1738 942 1814 spiritus
962 1736 1139 1813 religiosus,

107 1862 139 1912 et
166 1854 289 1913 detecta
319 1852 454 1910 mireouli
486 1853 636 1927 falsitate,
668 1861 844 1925 evanescat,
877 1853 1060 1931 potentiori,
1086 1855 1155 1932 qui,

109 1970 240 2029 meliore
275 1967 414 2027 realitate
443 1969 614 2042 medietur,
652 1970 869 2032 succumbens.
933 1967 1009 2027 Cum
1045 1969 1139 2048 igitur

109 2086 268 2146 Cltrlstum
292 2084 472 2143 historicum
505 2087 632 2161 spiritus
667 2085 884 2160 paralogistieus
913 2102 973 2144 nou
1009 2083 1140 2160 ferst¹),

109 2208 286 2271 causaest,
315 2199 396 2276 quod
421 2218 477 2275 per
498 2199 655 2259 Christum
679 2218 738 2258 vron
762 2210 810 2258 est
836 2200 998 2258 mediatos.
1049 2201 1138 2276 Quod

110 2321 136 2377 si
160 2328 224 2375 tres
253 2317 447 2394 gravissimas
474 2317 542 2395 ejus
572 2316 763 2394 objectiones
785 2318 1028 2394 respexerimus,
1056 2320 1140 2379 lucu·

112 2437 212 2495 leuter
234 2440 371 2512 apparet.
420 2431 557 2492 Primum
589 2434 670 2491 enim
693 2439 800 2510 negot,
827 2433 1044 2495 individualem
1066 2454 1140 2495 eou-

105 2553 298 2631 junetionem
317 2548 370 2607 llei
397 2555 428 2608 et
446 2548 580 2616 hominis
602 2567 669 2606 esse
689 2567 790 2626 posse,
815 2551 884 2626 quia
895 2550 1047 2611 internam
1066 2571 1139 2621 eon,-

112 2668 251 2727 soieutiee
286 2663 448 2741 singularis
482 2663 702 2741 plenitudinem
736 2667 875 2743 ignoret,
911 2685 1033 2739 eausam
1065 2687 1141 2727 vero

112 2785 204 2863 hujus
224 2783 406 2861 ignorantiae
419 2782 482 2860 jam
501 2790 590 2841 auter
606 2781 812 2840 indicavimus.
859 2780 978 2841 lleiude
991 2784 1142 2860 observat,

114 2902 150 2961 ab
172 2900 294 2978 ingenio
318 2896 397 2955 ideae
422 2896 599 2976 discrepare
625 2916 760 2976 organon
784 2897 940 2976 singulare
967 2919 1032 2977 pree
1057 2909 1143 2960 cete·

112 3020 155 3078 ris
170 3017 268 3075 ditare
285 3022 316 3072 et
332 3014 463 3085 elevare,
481 3016 520 3072 itu
534 3024 634 3072 autem
648 3016 730 3073 reale
744 3013 939 3072 mediationis
955 3022 1141 3074 momentum

113 3132 282 3210 vilipendit.
307 3128 381 3210 (ola.
396 3125 503 3208 522).
531 3130 605 3188 Cum
626 3131 760 3208 denique
779 3129 952 3206 objicietur,
973 3129 1142 3204 Christum,

114 3249 392 3326 utffplraeuomenon
413 3245 600 3303 individuale
622 3245 696 3303 nilril
719 3263 807 3316 esse,
834 3245 892 3303 nisi
914 3245 995 3321 quod
1016 3246 1045 3305 in
1076 3247 1143 3325 lpse

116 3365 278 3424 existentia
298 3361 365 3439 ejus
386 3361 607 3438 phaenomennli
629 3355 819 3440 appareatl),
840 3368 904 3418 tum
920 3359 1141 3422 obseruandum

108 3480 471 3498 Μ

124 3593 127 3597 ,
194 3531 618 3604 1)cfr.stroussl.l.p.sdd.
904 3594 906 3599 ,

193 3629 219 3696 ²)
237 3627 342 3693 Allein,
363 3625 413 3677 wie
434 3623 539 3676 Schmid
556 3624 693 3688 grttndlioh
715 3622 915 3698 neahgewleseu
937 3622 998 3687 laet,
1026 3623 1066 3674 ein
1093 3637 1145 3686 ge-

241 3718 424 3773 schichtiiohes
457 3715 621 3768 individuum
655 3717 692 3773 ist
720 3715 783 3767 eieu
815 3730 864 3769 nur
893 3717 958 3781 dos,
1005 3730 1063 3768 was
1093 3728 1204 3912 ml
