2460 4178
95 329 176 388 enlm
198 344 270 387 vers
289 323 429 385 miracoli
453 322 554 396 notio,
580 327 615 381 nt
639 320 733 382 realis
753 325 910 402 oppositio
936 324 1020 386 adsit
1039 323 1127 383 inter·-¹

93 445 280 511 volantatem
302 441 360 500 llei
384 448 416 499 et
439 439 526 516 leges
548 450 680 511 naturam
707 440 750 499 lta
770 445 804 499 nt
828 447 947 500 naturae
970 446 1115 503 mo*

94 563 225 622 alterum
253 576 291 618 er
315 557 414 618 altaro
439 563 627 635 sequantur,
658 557 836 627 necessitati
863 572 929 615 strae
959 556 1119 629 nonnam

94 678 121 736 si
146 676 227 734 enim
249 673 384 752 volgaris
408 680 526 734 natnrae
551 691 657 733 rernm
687 673 839 734 decorans
862 673 1052 733 volontatem
1080 680 1122 734 at-

95 810 157 872 qne
177 791 309 851 consilis
329 790 429 850 divina
457 791 631 852 immediate
659 790 866 868 exprimeret,
898 792 1002 850 omnis
1021 796 1127 851 esseut
1172 768 1174 777 Ι

95 908 357 986 stimulantque
377 907 454 969 adeo
476 909 576 988 nnlla,·
605 905 659 968 sed
683 926 719 967 es
744 905 911 964 diversitas
934 905 1128 968 identitatem

97 1044 221 1105 qocqnc
243 1026 363 1098 lrabeat,
387 1042 518 1084 necesse
541 1031 606 1096 est3
629 1025 685 1084 nisi
710 1023 791 1083 enim
809 1020 948 1082 volontas
963 1023 1022 1082 oet
1047 1024 1131 1103 leges

97 1149 215 1202 nstnrae
241 1144 307 1219 ipss
328 1140 464 1214 iniisset,
493 1160 609 1220 casque
634 1147 816 1220 cognosset,
846 1147 967 1199 mutare
993 1156 1049 1200 eas
1070 1158 1130 1200 noc

97 1264 229 1337 poterat.
273 1257 370 1316 Fides
389 1259 483 1335 igitar
504 1257 640 1317 miraculi
662 1264 783 1336 spectat
804 1256 998 1316 identitatem
1022 1256 1130 1315 volan-

96 1375 169 1433 tatis
192 1373 303 1432 dlvicae
320 1379 354 1432 et
372 1375 473 1452 legum
490 1381 606 1433 naturae
626 1374 884 1452 metaphysicam3
905 1372 959 1431 sed
979 1374 1012 1432 in
1035 1371 1131 1432 ellor-

97 1492 232 1550 natiooe
254 1487 402 1548 historica
425 1489 535 1564 credit,
560 1508 626 1550 eam
648 1489 840 1550 identitatem
853 1491 884 1550 in
899 1490 994 1550 talem
1013 1490 1132 1549 discre-

98 1609 232 1688 pantiam
248 1607 380 1666 transire
392 1614 425 1666 ot
437 1607 613 1667 collisiones
624 1609 768 1682 existant,
789 1608 900 1681 credit,
921 1608 952 1666 in
966 1606 1132 1666 nniverssli

100 1724 154 1784 llel
176 1722 366 1802 providentis
378 1725 630 1801 specialissimam
651 1724 730 1784 hanc
742 1727 867 1799 generis
881 1723 1003 1784 hnmani
1024 1743 1132 1784 cnram

98 1858 178 1910 ease,
200 1847 244 1908 ot,
265 1839 387 1915 qnando
406 1857 485 1916 opus
503 1839 553 1913 sit,
577 1843 652 1900 licet
670 1841 802 1901 mundns
823 1847 930 1901 noster
951 1840 1133 1920 phaerrome-

98 1955 175 2018 nalls
196 1955 234 2015 ab
253 1955 319 2031 ipsa
336 1954 391 2012 Dei
408 1956 543 2016 essentia
560 1958 726 2036 discrepet,
751 1959 832 2019 llens
849 1965 950 2018 tamen
970 1957 1023 2015 ills
1046 1957 1134 2036 plrae-

98 2090 228 2134 nomena
247 2072 278 2130 ln
300 2089 386 2130 nsum
402 2089 490 2130 sunm
512 2079 600 2133 vocet
610 2080 701 2152 atque
712 2075 863 2135 illustret:
882 2075 925 2135 its
941 2081 976 2134 nt
989 2074 1135 2136 homines

99 2208 157 2270 per
174 2189 398 2268 plroenomenoo
418 2205 478 2247 non
499 2189 591 2250 modo
614 2191 673 2250 sibi
690 2191 853 2253 videantur
871 2192 1059 2270 singularem
1074 2191 1133 2251 liei

98 2308 233 2387 spectem
254 2305 373 2376 videre,
393 2303 449 2364 sed
469 2304 550 2366 Dens
570 2309 662 2367 etism
683 2307 830 2387 singulari
850 2308 979 2370 consilio
1000 2309 1063 2370 lroc
1084 2312 1134 2370 sni

99 2424 323 2504 phaenomenon
348 2421 522 2480 hominibus
545 2421 667 2484 offerat.

183 2540 359 2599 criticismo
374 2545 473 2598 autem
486 2537 630 2599 miracula
647 2538 836 2613 maldubia,
857 2541 928 2618 qnia
939 2538 1033 2613 Dens,
1055 2540 1134 2601 licet

94 2659 130 2717 in
153 2656 267 2732 sejam
288 2653 455 2732 periectos,
480 2655 559 2715 adeo
583 2654 720 2716 elevatos
739 2661 798 2728 est,
821 2661 856 2716 nt
875 2657 906 2716 io
928 2656 1133 2737 plroenemena

99 2771 241 2834 sensibus
262 2769 460 2848 percipienda
480 2769 675 2831 descendere
687 2772 888 2851 dedignetnrt
909 2772 988 2834 adeo
1005 2775 1132 2853 sapiens

99 2896 132 2949 et
152 2892 311 2958 constans,
339 2887 478 2975 alleges
501 2888 609 2964 quihus
632 2880 756 2948 naturae
776 2907 881 2950 rernm
905 2890 1071 2951 decursum
1093 2891 1132 2952 ab

100 3006 188 3066 initio
208 3003 399 3076 adstrixerit,
417 3021 569 3080 nunquam
591 3005 740 3064 immutet.

98 3154 102 3159 ·
184 3121 379 3196 Rigidissima
402 3121 495 3199 igitur
521 3122 602 3180 inter
629 3140 734 3199 puram
756 3121 811 3181 Dei
840 3122 1003 3182 essentiam
1026 3125 1060 3180 et
1081 3138 1131 3181 re-

100 3258 192 3317 gnum
215 3238 485 3316 plraenomeuornm
511 3239 666 3316 oppositio
686 3238 825 3311 criticis,
848 3241 878 3298 in
901 3239 1056 3298 lleismnm
1084 3238 1131 3297 io-

99 3353 767 3427 ffimffimfflmmmmmmfflm

110 3529 281 3537 .-----ι----
286 3527 458 3536 μ--μ-ι-

221 3625 285 3674 dean
306 3624 347 3673 als
358 3624 553 3676 Unrvissenheit
564 3625 625 3676 oder
637 3627 737 3690 Betrag
753 3625 979 3680 batrachtetwird.
1018 3627 1132 3677 Strtnss

220 3713 472 3782 misus&
