2460 4178
73 40 81 89 l

53 134 69 229 a·
555 118 628 207 ¹⁰²

71 328 256 408 largicione
272 333 306 387 et
323 326 500 387 notionibus
520 324 795 385 universaliorlbus
815 324 854 384 ad
866 330 987 405 coptum
1000 321 1104 383 imma-

71 465 141 507 uum
162 444 315 523 adaptatis
338 451 476 503 naturam
492 442 549 501 nei
567 448 598 500 et
616 459 753 501 amorem
773 451 805 501 et
820 439 1103 500 reconciliationem

70 561 315 639 lenocinatum
334 561 424 621 animi
446 559 569 619 lrumoui
582 558 721 619 doctrino
739 557 778 617 ‹le
804 565 1001 636 peccatorum
1014 557 1102 617 nenia

68 679 186 751 erecti,
211 676 250 737 all
282 678 398 754 qumvis
428 676 507 737 bono
539 677 636 755 parati
665 677 737 735 sint.
786 673 902 734 Verum
928 648 1008 732 enim
1027 692 1101 732 vero

67 813 171 855 nonne
198 795 242 853 sic
265 812 303 852 eo
324 795 538 873 pervenimus,
556 793 638 853 nodo
658 792 774 871 egressi
795 809 908 861 sumna,
932 789 969 849 acl
982 793 1103 851 arriser-

65 913 159 985 ssles,
181 913 315 989 inquam,
335 910 476 970 ccclesiae
495 906 699 990 articulos'31)
723 909 858 968 Fructus
886 907 980 984 igitur
1006 909 1101 967 totins

63 1029 181 1089 loboris
200 1028 299 1087 critici
320 1028 351 1085 in
371 1044 409 1085 eo
432 1036 563 1102 constat,
582 1036 616 1088 nt
632 1034 758 1106 posttot
774 1024 1004 1102 disquisitiones
1019 1042 1100 1082 oom-

63 1145 189 1223 probet‚
209 1145 392 1222 scripturam
415 1164 432 1203 a
455 1154 542 1223 purte
563 1144 733 1223 dogmatica
756 1142 932 1211 declarare,
962 1158 997 1199 se
1023 1141 1098 1201 nihil

62 1282 120 1323 nos
142 1262 257 1321 (locere
277 1279 367 1339 posse
389 1266 504 1339 praeter
526 1280 571 1332 ea,
596 1280 664 1340 qrroe
686 1259 816 1319 ecclesio
837 1257 1098 1340 Christianosjam

63 1380 220 1439 docuerit.
265 1377 310 1438 lto
330 1395 404 1437 vero
426 1376 608 1439 criticorum
631 1375 734 1437 studio
758 1376 888 1446 eruitur,
908 1372 989 1455 quod
1020 1377 1097 1455 ipsis

61 1495 272 1570 contradicam
292 1497 500 1575 promiserunt
521 1495 602 1553 enim
624 1495 723 1564 uobis,
743 1493 813 1551 lore
836 1501 888 1565 nt,
911 1512 979 1552 cunr
1003 1493 1094 1555 noem

61 1613 270 1673 universalem
298 1614 336 1673 orl
364 1615 548 1692 scripturam
576 1607 736 1688 legendam
769 1608 965 1680 afferremus,
995 1628 1031 1666 ex
1060 1629 1097 1669 ea

62 1730 291 1790 concretionem
329 1730 401 1791 fidel
430 1730 560 1788 formam
592 1745 841 1805 assequeremur.
907 1723 967 1783 Sed
1001 1727 1095 1805 inspl-

60 1847 179 1907 cismus
203 1847 292 1924 paulo
318 1847 503 1924 accuratius,
525 1863 595 1903 num
619 1862 654 1903 ea
677 1842 893 1924 objectivitntis
914 1843 1096 1921 ignorantis,

60 1980 133 2041 qum
155 1963 248 2022 toties
268 1962 511 2035 commendator,
533 1962 609 2022 fidei
632 1981 738 2021 revera
759 1961 920 2021 conducat.
968 1960 1029 2019 Per
1059 1981 1093 2020 ae

59 2084 163 2157 patet,
191 2078 286 2137 fldem
316 2080 347 2138 in
373 2097 406 2135 ro
436 2097 562 2156 prorsus
596 2081 699 2157 ignoto
729 2095 800 2135 esse
827 2094 886 2134 non
916 2095 1017 2154 posse.
1060 2078 1092 2138 Si

58 2196 142 2254 enim
165 2194 463 2269 circumuectare
485 2203 659 2255 creatorem
679 2195 796 2265 mnndi,
821 2193 874 2252 sed
896 2193 984 2251 simul
1001 2213 1091 2272 nego,

60 2331 112 2371 me
133 2313 299 2391 quidquam
323 2313 446 2371 omnino
469 2313 550 2371 scire
572 2313 611 2371 de
633 2313 752 2371 ratione
775 2308 911 2379 creandi,
933 2317 995 2367 turn
1016 2311 1091 2370 milri

56 2428 248 2489 contradico.
293 2429 452 2504 Quaerenti
476 2431 573 2500 enim,
604 2429 676 2507 qnirl
706 2430 747 2488 sit
774 2427 907 2501 creatio,
935 2429 1090 2487 abstinere

57 2565 119 2606 non
140 2564 275 2626 possum,
297 2547 369 2624 quin
393 2547 583 2604 creationem
605 2547 707 2604 statim
727 2542 869 2602 deliniam
899 2562 967 2601 csse
994 2545 1088 2602 octio-

57 2683 130 2723 nem
148 2662 298 2723 absolutae
321 2662 377 2721 oet
402 2662 569 2740 libertatis3
592 2663 765 2721 libertatern
788 2660 881 2737 igitur
909 2660 1089 2735 absolutam,

55 2778 157 2858 quoad
187 2778 256 2837 fleri
287 2784 407 2857 potest,
431 2781 568 2857 ‘cogito;
597 2779 744 2838 libertatis
772 2777 946 2855 imaginatio
978 2780 1087 2838 abesse

55 2914 118 2956 uon
140 2901 261 2975 potest3
288 2896 313 2954 si
342 2913 417 2954 vero
445 2913 479 2952 eo
504 2897 679 2975 imaginatio
711 2903 762 2954 ant
793 2895 876 2953 notio
906 2916 995 2973 prava
1026 2907 1086 2967 eat,

54 3011 151 3070 credo
181 3030 244 3070 rem
280 3030 404 3090 pravam
428 3011 448 3070 i.
476 3030 504 3074 e.
533 3030 654 3090 pravom
674 3012 765 3071 litlcrn
786 3011 892 3072 liabeo.
939 3011 1035 3069 Porro
1057 3015 1084 3071 sl

123 3285 148 3352 ¹)
168 3290 254 3350 Quam
270 3290 373 3342 lubrice
389 3291 425 3342 sit
443 3291 571 3355 ejusmodi
591 3291 728 3357 explicatio
747 3291 867 3358 pluribus
886 3291 969 3342 modis
983 3292 1085 3360 elucet3

174 3381 213 3433 ito
232 3398 257 3433 v.
275 3399 296 3434 c.
312 3382 407 3434 dicitur
423 3385 485 3437 Jolr.
503 3386 536 3452 4,
556 3385 590 3436 24
607 3385 699 3454 πνεῦμα
717 3383 732 3438 ὁ
749 3383 819 3450 θεός,
838 3387 885 3437 sed
904 3385 917 3434 l
936 3386 1000 3439 Joh.
1023 3386 1083 3450 l‚5

171 3470 186 3527 ὁ
206 3471 264 3535 θεὸς
282 3475 333 3545 φῶς
348 3479 399 3539 let,
418 3491 498 3541 quare
517 3478 541 3528 si
570 3480 628 3544 quis
652 3493 702 3529 non
721 3477 889 3545 intelligeret,
914 3481 999 3531 Deum
1021 3496 1082 3532 esse

171 3565 309 3634 spiritum,
336 3567 430 3619 melius
458 3576 544 3621 cutem
571 3570 716 3635 intelligere
736 3570 786 3621 sibi
806 3571 953 3638 videretur,
971 3572 1030 3639 qnid
1049 3573 1084 3624 sit

174 3659 218 3710 lox
229 3679 236 3711 ε
249 3676 333 3712 nonne
346 3663 400 3710 tum
412 3662 490 3714 facile
503 3665 636 3731 suspicari
651 3671 762 3732 poterut,
776 3667 860 3719 Deum
873 3666 1082 3720 Christianorum

172 3757 198 3804 ct
215 3755 300 3807 Deum
318 3754 459 3813 Mororum
478 3770 539 3809 ease
558 3760 665 3811 enodem
685 3758 792 3812 Deuml
