2460 4178
590 140 640 208 ³5

98 345 247 407 tradictio
268 345 405 419 cecedit,
429 349 501 424 quia
532 347 615 424 quod
641 347 709 426 plus
735 365 825 423 quom
854 368 944 408 esse
971 354 1037 421 est,
1061 369 1130 408 csse

97 462 199 522 solnm
220 480 372 522 vocamus.
415 461 461 522 Ea
479 461 681 523 contradictio
703 463 808 522 eritori
831 480 893 522 nou
916 469 1038 542 potest,
1062 481 1131 523 cnm

98 579 144 651 id,
165 579 254 658 cujus
277 597 336 657 ope
356 578 524 639 declaratio
545 580 597 653 lit,
618 581 834 640 conscientiam
865 587 953 659 puto,
980 583 1047 640 iura
1077 598 1132 638 sua

101 703 238 763 tueatur.
293 696 383 772 Quod
412 703 512 757 auteur
543 697 583 756 de
616 697 706 756 initio
735 698 832 769 valet,
867 699 947 756 volet
976 697 1060 756 idem
1092 695 1132 754 de

100 813 210 891 quovis
231 819 313 873 statu
329 813 533 892 interjnoente
554 813 655 891 deque
675 812 743 890 ipso
765 813 837 872 dne.
880 813 972 873 Nullo
985 813 1133 873 determi-

101 931 187 990 natio
213 935 266 991 ont
294 929 520 1001 denominatio,
546 949 616 1008 queo
635 929 835 990 conscientiae
863 946 923 988 uon
954 930 1054 1007 possit
1071 945 1132 988 noo

99 1046 246 1120 attribui,
272 1049 310 1107 alr
342 1047 503 1108 existentia
526 1046 603 1106 reoli
631 1047 741 1105 obesse
770 1051 881 1124 potest.
935 1045 1039 1121 Quare
1064 1062 1133 1104 cnm

90 1163 196 1236 rollo,
208 1164 538 1241 quaeioteroeditinter
550 1181 606 1222 eos
621 1170 654 1222 et
665 1164 901 1241 phoeuomeuon,
917 1163 1000 1222 iuter
1012 1181 1134 1224 consum

101 1286 138 1338 et
152 1268 309 1354 ellectum,
330 1283 480 1341 rationem
503 1281 586 1340 iuter
607 1273 643 1338 cd
660 1279 730 1358 Ego
751 1286 783 1339 et
805 1275 842 1340 τὸ
863 1279 928 1352 Me,
949 1287 983 1339 nt
1004 1282 1046 1341 ita
1063 1283 1134 1341 sub-

94 1401 220 1481 jectum
238 1404 271 1456 et
294 1398 448 1477 objectum
467 1397 606 1456 seleutia·
631 1396 770 1457 formalis
787 1397 958 1475 appellem,
980 1416 1041 1458 nou
1060 1400 1134 1458 satis

103 1515 272 1590 exprimat,
296 1521 385 1574 certo
413 1515 545 1585 scimus,
574 1534 641 1573 eam
670 1532 710 1573 ue
736 1515 830 1572 realis
862 1514 985 1591 quidem
1021 1517 1135 1575 obiecti

104 1636 244 1690 naturam
275 1632 350 1691 sotis
386 1632 571 1709 exprimere.
633 1629 708 1690 lude
742 1630 883 1690 stimulus
919 1631 973 1689 ille
1010 1648 1137 1709 progre-

103 1741 223 1818 diendi,
245 1748 297 1824 qui
320 1748 467 1824 cogitanti
488 1749 623 1826 quietem
644 1747 754 1807 nullam
779 1747 944 1824 relinquit,
973 1753 1136 1824 antequam

103 1864 144 1925 od
157 1864 346 1937 efformatam
363 1864 563 1924 conscientiae
578 1867 624 1924 sui
637 1865 792 1924 notionem
809 1857 995 1942 peruenerit.
1039 1865 1137 1940 Quom

103 2000 182 2043 vero
200 1983 261 2042 laoc
281 1982 495 2060 explicetionls
510 1982 666 2060 fastigium
680 1981 914 2055 obtinuerimus,
939 1999 1001 2040 nou
1016 2001 1033 2040 ιι
1050 1990 1138 2060 parte

106 2101 207 2159 solum
220 2098 386 2178 subjectiva
399 2117 564 2160 successus
573 2099 714 2177 contigit,
732 2098 813 2158 seda
829 2097 1034 2175 renliquoqne
1049 2102 1137 2175 porte

105 2217 240 2277 cundum
259 2223 374 2276 motum
396 2218 537 2275 evenisse
556 2215 753 2292 perspicuum
770 2222 826 2272 est.
870 2214 974 2288 Quare
993 2214 1138 2288 quemad-

106 2333 231 2395 modum
253 2335 284 2393 ln
306 2333 394 2393 initio
405 2333 553 2398 dicimus:
576 2352 646 2392 ease
657 2329 841 2409 objectivum
858 2337 889 2388 et
904 2329 988 2388 reale
1004 2329 1056 2389 dot
1070 2350 1138 2392 esse

108 2447 312 2525 subjectivum
328 2457 359 2510 et
374 2449 515 2522 formole,
538 2451 583 2509 sic
593 2451 624 2509 iu
646 2447 709 2508 flue
724 2445 925 2524 intelligimus
950 2453 983 2506 et
998 2465 1140 2524 compre-

107 2566 281 2636 laeudimus,
299 2569 517 2627 conscientiam
533 2568 582 2626 sui
597 2565 780 2644 olrjectivam
795 2569 826 2622 et
844 2561 960 2622 realem
975 2564 1137 2622 couscien-

108 2685 182 2745 tism
203 2684 252 2744 ani
273 2685 474 2764 subjectivam
501 2689 534 2743 et
553 2681 715 2742 formulam
735 2680 935 2738 constituere.
979 2679 1139 2740 Hactenus

106 2803 285 2880 Ontologia.
310 2805 313 2811 '

192 2918 301 2994 Neque
310 2917 351 2977 ito
373 2927 473 2977 tomen
485 2919 621 2977 cessabit
635 2913 856 2987 contradictio,
884 2913 1030 2974 identitas
1048 2914 1140 2988 enirn,

109 3053 181 3115 quoe
200 3035 283 3095 inter
303 3035 524 3094 conscientiam
547 3034 708 3094 formalem
727 3040 759 3091 et
780 3031 896 3090 realem
919 3028 1071 3087 vindicata
1083 3037 1140 3097 est,

109 3171 257 3213 summum
274 3150 513 3229 discrepantium
526 3153 673 3222 continet.
718 3147 807 3224 Quod
819 3147 862 3206 itu
875 3146 1004 3224 intelligi
1021 3153 1141 3224 potest:

110 3268 301 3329 couscientia
321 3269 369 3326 aui
396 3242 568 3327 realissimn
589 3274 709 3326 omnem
741 3264 891 3324 realitatis
921 3263 1141 3340 plenitudinem

110 3387 263 3456 continet,
284 3384 340 3444 sed
360 3386 533 3447 identitatis
555 3392 698 3462 punctum
722 3381 912 3442 conscientia
935 3381 981 3440 soi
1004 3379 1142 3440 formalis

111 3507 144 3564 iu
169 3502 297 3579 regione
319 3520 414 3561 merae
435 3501 630 3562 formalitntis
652 3502 754 3560 habet.

196 3618 294 3694 Quam
318 3619 414 3696 igitur
426 3618 599 3679 identitatis
618 3635 709 3679 causo
729 3616 924 3689 removimus,
943 3612 1143 3674 restauranda

112 3735 237 3795 realitas
261 3743 317 3794 est.
