<?xml version="1.0" encoding="UTF-8"?>
<!DOCTYPE html PUBLIC "-//W3C//DTD XHTML 1.0 Transitional//EN"
    "http://www.w3.org/TR/xhtml1/DTD/xhtml1-transitional.dtd">
<html xmlns="http://www.w3.org/1999/xhtml" xml:lang="en" lang="en">
 <head>
  <title>
</title>
<meta http-equiv="Content-Type" content="text/html;charset=utf-8" />
  <meta name='ocr-system' content='tesseract 3.04.00' />
  <meta name='ocr-capabilities' content='ocr_page ocr_carea ocr_par ocr_line ocrx_word'/>
</head>
<body>
  <div class='ocr_page' id='page_1' title='image "./despeculativahi00petegoog_0154.png"; bbox 0 0 2460 4178; ppageno 0'>
   <div class='ocr_carea' id='block_1_1' title="bbox 539 134 608 204">
    <p class='ocr_par' dir='ltr' id='par_1_1' title="bbox 539 134 608 204">
     <span class='ocr_line' id='line_1_1' title="bbox 539 134 608 204; baseline 0 -1"><span class='ocrx_word' id='word_1_1' title='bbox 539 134 608 204; x_wconf 76' lang='lat'><strong>141</strong></span> 
     </span>
    </p>
   </div>
   <div class='ocr_carea' id='block_1_2' title="bbox 10 318 1091 996">
    <p class='ocr_par' dir='ltr' id='par_1_2' title="bbox 10 318 1091 996">
     <span class='ocr_line' id='line_1_2' title="bbox 10 318 1090 423; baseline 0 -20"><span class='ocrx_word' id='word_1_2' title='bbox 10 318 12 325; x_wconf 28' lang='grc' dir='ltr'>Ι</span> <span class='ocrx_word' id='word_1_3' title='bbox 53 342 305 423; x_wconf 74' lang='lat' dir='ltr'><strong>eonsiliationom</strong></span> <span class='ocrx_word' id='word_1_4' title='bbox 333 344 537 417; x_wconf 60' lang='grc' dir='ltr'><strong>κηπείαις</strong></span> <span class='ocrx_word' id='word_1_5' title='bbox 566 341 671 399; x_wconf 74' lang='lat' dir='ltr'><strong>elucet</strong></span> <span class='ocrx_word' id='word_1_6' title='bbox 694 341 753 413; x_wconf 85' lang='lat' dir='ltr'><strong>ita,</strong></span> <span class='ocrx_word' id='word_1_7' title='bbox 778 341 926 400; x_wconf 75' lang='lat' dir='ltr'><strong>rationem</strong></span> <span class='ocrx_word' id='word_1_8' title='bbox 958 350 1090 403; x_wconf 78' lang='lat' dir='ltr'><strong>creatum</strong></span> 
     </span>
     <span class='ocr_line' id='line_1_3' title="bbox 55 454 1091 537; baseline -0.001 -18"><span class='ocrx_word' id='word_1_9' title='bbox 55 459 184 520; x_wconf 80' lang='lat' dir='ltr'><strong>realiter</strong></span> <span class='ocrx_word' id='word_1_10' title='bbox 202 454 327 517; x_wconf 74' lang='lat' dir='ltr'><strong>definiri</strong></span> <span class='ocrx_word' id='word_1_11' title='bbox 356 461 389 514; x_wconf 81' lang='lat' dir='ltr'><strong>et</strong></span> <span class='ocrx_word' id='word_1_12' title='bbox 409 456 630 534; x_wconf 72' lang='lat' dir='ltr'><strong>comprehendi</strong></span> <span class='ocrx_word' id='word_1_13' title='bbox 658 474 795 536; x_wconf 73' lang='lat' dir='ltr'><strong>periton</strong></span> <span class='ocrx_word' id='word_1_14' title='bbox 816 464 970 529; x_wconf 76' lang='lat' dir='ltr'><strong>creatam,</strong></span> <span class='ocrx_word' id='word_1_15' title='bbox 997 468 1091 537; x_wconf 87' lang='lat' dir='ltr'><strong>atque</strong></span> 
     </span>
     <span class='ocr_line' id='line_1_4' title="bbox 54 572 1091 654; baseline -0.002 -18"><span class='ocrx_word' id='word_1_16' title='bbox 54 578 97 636; x_wconf 86' lang='lat' dir='ltr'><strong>ita</strong></span> <span class='ocrx_word' id='word_1_17' title='bbox 113 592 172 654; x_wconf 77' lang='lat' dir='ltr'><strong>per</strong></span> <span class='ocrx_word' id='word_1_18' title='bbox 193 572 362 635; x_wconf 75' lang='lat' dir='ltr'><strong>obsoletam</strong></span> <span class='ocrx_word' id='word_1_19' title='bbox 384 573 613 651; x_wconf 77' lang='lat' dir='ltr'><strong>oppositionem</strong></span> <span class='ocrx_word' id='word_1_20' title='bbox 630 573 968 634; x_wconf 83' lang='lat' dir='ltr'><strong>mediautarmomeota</strong></span> <span class='ocrx_word' id='word_1_21' title='bbox 983 592 1091 653; x_wconf 83' lang='lat' dir='ltr'><strong>supra·</strong></span> 
     </span>
     <span class='ocr_line' id='line_1_5' title="bbox 56 689 1090 767; baseline -0.001 -16"><span class='ocrx_word' id='word_1_22' title='bbox 56 689 207 753; x_wconf 79' lang='lat' dir='ltr'><strong>naturalia</strong></span> <span class='ocrx_word' id='word_1_23' title='bbox 227 696 260 747; x_wconf 88' lang='lat' dir='ltr'><strong>at</strong></span> <span class='ocrx_word' id='word_1_24' title='bbox 275 689 445 757; x_wconf 78' lang='lat' dir='ltr'><strong>naturaiir3</strong></span> <span class='ocrx_word' id='word_1_25' title='bbox 464 689 560 766; x_wconf 77' lang='lat' dir='ltr'><strong>quid?</strong></span> <span class='ocrx_word' id='word_1_26' title='bbox 591 690 672 767; x_wconf 87' lang='lat' dir='ltr'><strong>quod</strong></span> <span class='ocrx_word' id='word_1_27' title='bbox 699 690 797 746; x_wconf 82' lang='lat' dir='ltr'><strong>omnis</strong></span> <span class='ocrx_word' id='word_1_28' title='bbox 809 689 939 749; x_wconf 80' lang='lat' dir='ltr'><strong>historia</strong></span> <span class='ocrx_word' id='word_1_29' title='bbox 955 708 1044 750; x_wconf 79' lang='lat' dir='ltr'><strong>saara</strong></span> <span class='ocrx_word' id='word_1_30' title='bbox 1062 708 1090 750; x_wconf 75' lang='lat' dir='ltr'><strong>nr</strong></span> 
     </span>
     <span class='ocr_line' id='line_1_6' title="bbox 55 804 1091 883; baseline 0.001 -18"><span class='ocrx_word' id='word_1_31' title='bbox 55 808 157 867; x_wconf 74' lang='lat' dir='ltr'><strong>omnia</strong></span> <span class='ocrx_word' id='word_1_32' title='bbox 178 804 385 880; x_wconf 81' lang='lat' dir='ltr'><strong>dimrepautia</strong></span> <span class='ocrx_word' id='word_1_33' title='bbox 409 804 493 862; x_wconf 85' lang='lat' dir='ltr'><strong>iuter</strong></span> <span class='ocrx_word' id='word_1_34' title='bbox 512 806 732 883; x_wconf 76' lang='lat' dir='ltr'><strong>pragmaticum</strong></span> <span class='ocrx_word' id='word_1_35' title='bbox 754 822 861 862; x_wconf 85' lang='lat' dir='ltr'><strong>rerum</strong></span> <span class='ocrx_word' id='word_1_36' title='bbox 891 805 1031 864; x_wconf 81' lang='lat' dir='ltr'><strong>unliruem</strong></span> <span class='ocrx_word' id='word_1_37' title='bbox 1059 813 1091 866; x_wconf 86' lang='lat' dir='ltr'><strong>et</strong></span> 
     </span>
     <span class='ocr_line' id='line_1_7' title="bbox 55 921 944 996; baseline -0.004 -12"><span class='ocrx_word' id='word_1_38' title='bbox 55 921 258 984; x_wconf 77' lang='lat' dir='ltr'><strong>minorisae</strong></span> <span class='ocrx_word' id='word_1_39' title='bbox 275 925 405 996; x_wconf 76' lang='lat' dir='ltr'><strong>spectat,</strong></span> <span class='ocrx_word' id='word_1_40' title='bbox 429 926 465 978; x_wconf 90' lang='lat' dir='ltr'><strong>ut</strong></span> <span class='ocrx_word' id='word_1_41' title='bbox 478 937 514 980; x_wconf 84' lang='lat' dir='ltr'><strong>ea</strong></span> <span class='ocrx_word' id='word_1_42' title='bbox 536 922 666 981; x_wconf 78' lang='lat' dir='ltr'><strong>invicem</strong></span> <span class='ocrx_word' id='word_1_43' title='bbox 694 922 944 980; x_wconf 73' lang='lat' dir='ltr'><strong>reconcilientur.</strong></span> 
     </span>
    </p>
   </div>
   <div class='ocr_carea' id='block_1_3' title="bbox 529 1112 619 1191">
    <p class='ocr_par' dir='ltr' id='par_1_3' title="bbox 529 1112 619 1191">
     <span class='ocr_line' id='line_1_8' title="bbox 529 1112 619 1191; baseline -0.022 -18"><span class='ocrx_word' id='word_1_44' title='bbox 529 1113 548 1191; x_wconf 68' lang='lat' dir='ltr'><strong>o</strong></span> <span class='ocrx_word' id='word_1_45' title='bbox 568 1112 619 1173; x_wconf 75' lang='lat' dir='ltr'><strong>aa.</strong></span> 
     </span>
    </p>
   </div>
   <div class='ocr_carea' id='block_1_4' title="bbox 54 1263 1093 3204">
    <p class='ocr_par' dir='ltr' id='par_1_4' title="bbox 54 1263 1093 2488">
     <span class='ocr_line' id='line_1_9' title="bbox 141 1263 1090 1342; baseline -0.001 -17"><span class='ocrx_word' id='word_1_46' title='bbox 141 1266 247 1342; x_wconf 84' lang='lat' dir='ltr'><strong>ltaque</strong></span> <span class='ocrx_word' id='word_1_47' title='bbox 269 1263 408 1323; x_wconf 76' lang='lat' dir='ltr'><strong>historiae</strong></span> <span class='ocrx_word' id='word_1_48' title='bbox 429 1283 526 1324; x_wconf 85' lang='lat' dir='ltr'><strong>saurae</strong></span> <span class='ocrx_word' id='word_1_49' title='bbox 546 1265 654 1323; x_wconf 85' lang='lat' dir='ltr'><strong>eadem</strong></span> <span class='ocrx_word' id='word_1_50' title='bbox 675 1266 800 1326; x_wconf 86' lang='lat' dir='ltr'><strong>iortuua</strong></span> <span class='ocrx_word' id='word_1_51' title='bbox 824 1272 872 1325; x_wconf 86' lang='lat' dir='ltr'><strong>est</strong></span> <span class='ocrx_word' id='word_1_52' title='bbox 891 1271 983 1342; x_wconf 82' lang='lat' dir='ltr'><strong>atque</strong></span> <span class='ocrx_word' id='word_1_53' title='bbox 1002 1282 1090 1324; x_wconf 83' lang='lat' dir='ltr'><strong>rnre·</strong></span> 
     </span>
     <span class='ocr_line' id='line_1_10' title="bbox 56 1380 1091 1458; baseline 0.001 -18"><span class='ocrx_word' id='word_1_54' title='bbox 56 1383 201 1452; x_wconf 80' lang='lat' dir='ltr'><strong>iatieols3</strong></span> <span class='ocrx_word' id='word_1_55' title='bbox 228 1380 376 1439; x_wconf 80' lang='lat' dir='ltr'><strong>revelatio</strong></span> <span class='ocrx_word' id='word_1_56' title='bbox 397 1389 496 1439; x_wconf 78' lang='lat' dir='ltr'><strong>alutem</strong></span> <span class='ocrx_word' id='word_1_57' title='bbox 513 1381 626 1458; x_wconf 62' lang='lat' dir='ltr'><strong>&#39;renudet</strong></span> <span class='ocrx_word' id='word_1_58' title='bbox 642 1402 658 1441; x_wconf 89' lang='lat' dir='ltr'><strong>a</strong></span> <span class='ocrx_word' id='word_1_59' title='bbox 672 1383 812 1440; x_wconf 71' lang='lat' dir='ltr'><strong>realitate</strong></span> <span class='ocrx_word' id='word_1_60' title='bbox 831 1381 977 1448; x_wconf 73' lang='lat' dir='ltr'><strong>miraculi,</strong></span> <span class='ocrx_word' id='word_1_61' title='bbox 998 1383 1091 1441; x_wconf 85' lang='lat' dir='ltr'><strong>mira·</strong></span> 
     </span>
     <span class='ocr_line' id='line_1_11' title="bbox 54 1497 1090 1572; baseline -0.001 -15"><span class='ocrx_word' id='word_1_62' title='bbox 54 1497 160 1557; x_wconf 81' lang='lat' dir='ltr'><strong>culum</strong></span> <span class='ocrx_word' id='word_1_63' title='bbox 184 1513 256 1555; x_wconf 78' lang='lat' dir='ltr'><strong>uero</strong></span> <span class='ocrx_word' id='word_1_64' title='bbox 281 1514 338 1572; x_wconf 84' lang='lat' dir='ltr'><strong>per</strong></span> <span class='ocrx_word' id='word_1_65' title='bbox 357 1497 584 1558; x_wconf 75' lang='lat' dir='ltr'><strong>rnediotionem</strong></span> <span class='ocrx_word' id='word_1_66' title='bbox 603 1517 706 1556; x_wconf 87' lang='lat' dir='ltr'><strong>rernm</strong></span> <span class='ocrx_word' id='word_1_67' title='bbox 725 1498 888 1554; x_wconf 83' lang='lat' dir='ltr'><strong>cosmioam</strong></span> <span class='ocrx_word' id='word_1_68' title='bbox 908 1498 1090 1572; x_wconf 74' lang='lat' dir='ltr'><strong>explicatur.</strong></span> 
     </span>
     <span class='ocr_line' id='line_1_12' title="bbox 57 1611 1092 1691; baseline -0.004 -18"><span class='ocrx_word' id='word_1_69' title='bbox 57 1614 233 1691; x_wconf 69' lang='lat' dir='ltr'><strong>Disputatio</strong></span> <span class='ocrx_word' id='word_1_70' title='bbox 250 1612 332 1671; x_wconf 91' lang='lat' dir='ltr'><strong>euim</strong></span> <span class='ocrx_word' id='word_1_71' title='bbox 353 1611 394 1669; x_wconf 90' lang='lat' dir='ltr'><strong>de</strong></span> <span class='ocrx_word' id='word_1_72' title='bbox 416 1615 556 1672; x_wconf 89' lang='lat' dir='ltr'><strong>realitate</strong></span> <span class='ocrx_word' id='word_1_73' title='bbox 585 1615 720 1672; x_wconf 76' lang='lat' dir='ltr'><strong>miraculi</strong></span> <span class='ocrx_word' id='word_1_74' title='bbox 744 1631 803 1670; x_wconf 91' lang='lat' dir='ltr'><strong>uon</strong></span> <span class='ocrx_word' id='word_1_75' title='bbox 834 1621 1029 1688; x_wconf 76' lang='lat' dir='ltr'><strong>suspectat,</strong></span> <span class='ocrx_word' id='word_1_76' title='bbox 1058 1618 1092 1669; x_wconf 87' lang='lat' dir='ltr'><strong>ut</strong></span> 
     </span>
     <span class='ocr_line' id='line_1_13' title="bbox 56 1729 1090 1808; baseline -0.003 -19"><span class='ocrx_word' id='word_1_77' title='bbox 56 1731 242 1808; x_wconf 75' lang='lat' dir='ltr'><strong>explicetur,</strong></span> <span class='ocrx_word' id='word_1_78' title='bbox 263 1731 419 1808; x_wconf 78' lang='lat' dir='ltr'><strong>quomodo</strong></span> <span class='ocrx_word' id='word_1_79' title='bbox 435 1731 491 1790; x_wconf 85' lang='lat' dir='ltr'><strong>liei</strong></span> <span class='ocrx_word' id='word_1_80' title='bbox 514 1730 652 1789; x_wconf 77' lang='lat' dir='ltr'><strong>voluutas</strong></span> <span class='ocrx_word' id='word_1_81' title='bbox 672 1732 702 1788; x_wconf 91' lang='lat' dir='ltr'><strong>iu</strong></span> <span class='ocrx_word' id='word_1_82' title='bbox 723 1739 862 1788; x_wconf 86' lang='lat' dir='ltr'><strong>naturam</strong></span> <span class='ocrx_word' id='word_1_83' title='bbox 881 1729 1002 1799; x_wconf 80' lang='lat' dir='ltr'><strong>influat3</strong></span> <span class='ocrx_word' id='word_1_84' title='bbox 1022 1748 1090 1788; x_wconf 88' lang='lat' dir='ltr'><strong>nam</strong></span> 
     </span>
     <span class='ocr_line' id='line_1_14' title="bbox 58 1847 1091 1925; baseline 0.001 -21"><span class='ocrx_word' id='word_1_85' title='bbox 58 1847 156 1905; x_wconf 80' lang='lat' dir='ltr'><strong>restis</strong></span> <span class='ocrx_word' id='word_1_86' title='bbox 175 1865 271 1907; x_wconf 80' lang='lat' dir='ltr'><strong>ueras</strong></span> <span class='ocrx_word' id='word_1_87' title='bbox 293 1854 342 1907; x_wconf 88' lang='lat' dir='ltr'><strong>est</strong></span> <span class='ocrx_word' id='word_1_88' title='bbox 362 1849 445 1905; x_wconf 79' lang='lat' dir='ltr'><strong>iuter</strong></span> <span class='ocrx_word' id='word_1_89' title='bbox 468 1847 638 1906; x_wconf 84' lang='lat' dir='ltr'><strong>eliioaoiam</strong></span> <span class='ocrx_word' id='word_1_90' title='bbox 663 1847 795 1925; x_wconf 77' lang='lat' dir='ltr'><strong>diuinam</strong></span> <span class='ocrx_word' id='word_1_91' title='bbox 814 1853 846 1904; x_wconf 87' lang='lat' dir='ltr'><strong>et</strong></span> <span class='ocrx_word' id='word_1_92' title='bbox 874 1847 954 1905; x_wconf 82' lang='lat' dir='ltr'><strong>uires</strong></span> <span class='ocrx_word' id='word_1_93' title='bbox 974 1855 1091 1906; x_wconf 72' lang='lat' dir='ltr'><strong>naturas</strong></span> 
     </span>
     <span class='ocr_line' id='line_1_15' title="bbox 57 1932 1091 2043; baseline -0.001 -20"><span class='ocrx_word' id='word_1_94' title='bbox 57 1966 116 2033; x_wconf 76' lang='lat' dir='ltr'><strong>l-</strong></span> <span class='ocrx_word' id='word_1_95' title='bbox 137 1963 235 2042; x_wconf 77' lang='lat' dir='ltr'><strong>qotdt</strong></span> <span class='ocrx_word' id='word_1_96' title='bbox 251 1965 335 2042; x_wconf 85' lang='lat' dir='ltr'><strong>qnod</strong></span> <span class='ocrx_word' id='word_1_97' title='bbox 348 1984 403 2023; x_wconf 85' lang='lat' dir='ltr'><strong>uos</strong></span> <span class='ocrx_word' id='word_1_98' title='bbox 425 1967 483 2042; x_wconf 84' lang='lat' dir='ltr'><strong>ipsi</strong></span> <span class='ocrx_word' id='word_1_99' title='bbox 496 1965 745 2043; x_wconf 79' lang='lat' dir='ltr'>quotiescunque</span> <span class='ocrx_word' id='word_1_100' title='bbox 767 1983 885 2023; x_wconf 90' lang='lat' dir='ltr'><strong>manum</strong></span> <span class='ocrx_word' id='word_1_101' title='bbox 906 1973 958 2023; x_wconf 92' lang='lat' dir='ltr'><strong>aut</strong></span> <span class='ocrx_word' id='word_1_102' title='bbox 979 1932 1091 2042; x_wconf 77' lang='lat' dir='ltr'><strong>pedem</strong></span> 
     </span>
     <span class='ocr_line' id='line_1_16' title="bbox 56 2080 1091 2158; baseline -0.002 -19"><span class='ocrx_word' id='word_1_103' title='bbox 56 2098 230 2151; x_wconf 83' lang='lat' dir='ltr'><strong>moremus,</strong></span> <span class='ocrx_word' id='word_1_104' title='bbox 260 2080 470 2153; x_wconf 72' lang='lat' dir='ltr'><strong>ostendimus,</strong></span> <span class='ocrx_word' id='word_1_105' title='bbox 498 2080 652 2158; x_wconf 79' lang='lat' dir='ltr'><strong>quomodo</strong></span> <span class='ocrx_word' id='word_1_106' title='bbox 674 2081 819 2156; x_wconf 78' lang='lat' dir='ltr'><strong>cogitatio</strong></span> <span class='ocrx_word' id='word_1_107' title='bbox 842 2081 873 2137; x_wconf 91' lang='lat' dir='ltr'><strong>iu</strong></span> <span class='ocrx_word' id='word_1_108' title='bbox 902 2098 1017 2157; x_wconf 83' lang='lat' dir='ltr'><strong>eorpus</strong></span> <span class='ocrx_word' id='word_1_109' title='bbox 1045 2083 1091 2137; x_wconf 85' lang='lat' dir='ltr'><strong>in·</strong></span> 
     </span>
     <span class='ocr_line' id='line_1_17' title="bbox 57 2194 1092 2275; baseline -0.002 -21"><span class='ocrx_word' id='word_1_110' title='bbox 57 2194 134 2255; x_wconf 86' lang='lat' dir='ltr'><strong>fluat</strong></span> <span class='ocrx_word' id='word_1_111' title='bbox 148 2197 216 2274; x_wconf 85' lang='grc'><strong>-),</strong></span> <span class='ocrx_word' id='word_1_112' title='bbox 235 2203 290 2254; x_wconf 86' lang='lat' dir='ltr'><strong>sed</strong></span> <span class='ocrx_word' id='word_1_113' title='bbox 316 2198 450 2274; x_wconf 73' lang='lat' dir='ltr'><strong>respicit,</strong></span> <span class='ocrx_word' id='word_1_114' title='bbox 472 2206 504 2256; x_wconf 87' lang='lat' dir='ltr'><strong>ut</strong></span> <span class='ocrx_word' id='word_1_115' title='bbox 512 2198 575 2275; x_wconf 90' lang='lat' dir='ltr'><strong>jam</strong></span> <span class='ocrx_word' id='word_1_116' title='bbox 590 2199 825 2266; x_wconf 71' lang='lat' dir='ltr'><strong>observavimus,</strong></span> <span class='ocrx_word' id='word_1_117' title='bbox 845 2196 1092 2272; x_wconf 73' lang='lat' dir='ltr'><strong>‹lise-repandum,</strong></span> 
     </span>
     <span class='ocr_line' id='line_1_18' title="bbox 57 2311 1093 2390; baseline 0 -20"><span class='ocrx_word' id='word_1_118' title='bbox 57 2330 129 2389; x_wconf 73' lang='lat' dir='ltr'><strong>quea</strong></span> <span class='ocrx_word' id='word_1_119' title='bbox 154 2320 202 2371; x_wconf 85' lang='lat' dir='ltr'><strong>eat</strong></span> <span class='ocrx_word' id='word_1_120' title='bbox 232 2313 314 2372; x_wconf 88' lang='lat' dir='ltr'><strong>iuter</strong></span> <span class='ocrx_word' id='word_1_121' title='bbox 332 2315 461 2374; x_wconf 79' lang='lat' dir='ltr'><strong>eoncilia</strong></span> <span class='ocrx_word' id='word_1_122' title='bbox 484 2315 584 2373; x_wconf 81' lang='lat' dir='ltr'><strong>dirius</strong></span> <span class='ocrx_word' id='word_1_123' title='bbox 607 2321 638 2371; x_wconf 83' lang='lat' dir='ltr'><strong>st</strong></span> <span class='ocrx_word' id='word_1_124' title='bbox 659 2311 744 2390; x_wconf 75' lang='lat' dir='ltr'><strong>leges</strong></span> <span class='ocrx_word' id='word_1_125' title='bbox 764 2321 897 2384; x_wconf 70' lang='lat' dir='ltr'><strong>uiatore,</strong></span> <span class='ocrx_word' id='word_1_126' title='bbox 916 2312 1093 2371; x_wconf 83' lang='lat' dir='ltr'><strong>immediate</strong></span> 
     </span>
     <span class='ocr_line' id='line_1_19' title="bbox 56 2427 252 2488; baseline 0 0"><span class='ocrx_word' id='word_1_127' title='bbox 56 2427 252 2488; x_wconf 78' lang='lat' dir='ltr'><strong>salvandam.</strong></span> 
     </span>
    </p>

    <p class='ocr_par' dir='ltr' id='par_1_5' title="bbox 56 2543 1092 3204">
     <span class='ocr_line' id='line_1_20' title="bbox 142 2543 1091 2623; baseline -0.003 -18"><span class='ocrx_word' id='word_1_128' title='bbox 142 2543 294 2607; x_wconf 86' lang='lat' dir='ltr'><strong>Videntur</strong></span> <span class='ocrx_word' id='word_1_129' title='bbox 315 2547 356 2607; x_wconf 89' lang='lat' dir='ltr'><strong>ita</strong></span> <span class='ocrx_word' id='word_1_130' title='bbox 379 2547 524 2609; x_wconf 84' lang='lat' dir='ltr'><strong>miracula</strong></span> <span class='ocrx_word' id='word_1_131' title='bbox 544 2548 643 2607; x_wconf 88' lang='lat' dir='ltr'><strong>omnia</strong></span> <span class='ocrx_word' id='word_1_132' title='bbox 670 2565 739 2605; x_wconf 79' lang='lat' dir='ltr'><strong>esse</strong></span> <span class='ocrx_word' id='word_1_133' title='bbox 760 2545 902 2617; x_wconf 86' lang='lat' dir='ltr'><strong>absurda,</strong></span> <span class='ocrx_word' id='word_1_134' title='bbox 924 2547 993 2623; x_wconf 89' lang='lat' dir='ltr'><strong>quia</strong></span> <span class='ocrx_word' id='word_1_135' title='bbox 1010 2546 1091 2604; x_wconf 82' lang='lat' dir='ltr'><strong>Deus</strong></span> 
     </span>
     <span class='ocr_line' id='line_1_21' title="bbox 56 2658 1090 2740; baseline -0.003 -19"><span class='ocrx_word' id='word_1_136' title='bbox 56 2679 183 2738; x_wconf 73' lang='lat' dir='ltr'><strong>semper</strong></span> <span class='ocrx_word' id='word_1_137' title='bbox 213 2658 349 2723; x_wconf 66' lang='lat' dir='ltr'><strong>saeuius</strong></span> <span class='ocrx_word' id='word_1_138' title='bbox 370 2668 462 2739; x_wconf 80' lang='lat' dir='ltr'><strong>atque</strong></span> <span class='ocrx_word' id='word_1_139' title='bbox 497 2662 672 2723; x_wconf 90' lang='lat' dir='ltr'><strong>immediate</strong></span> <span class='ocrx_word' id='word_1_140' title='bbox 700 2665 798 2724; x_wconf 82' lang='lat' dir='ltr'><strong>ubivis</strong></span> <span class='ocrx_word' id='word_1_141' title='bbox 833 2669 995 2740; x_wconf 68' lang='lat' dir='ltr'><strong>oneratur,</strong></span> <span class='ocrx_word' id='word_1_142' title='bbox 1031 2678 1090 2720; x_wconf 89' lang='lat' dir='ltr'><strong>nou</strong></span> 
     </span>
     <span class='ocr_line' id='line_1_22' title="bbox 56 2777 1092 2860; baseline 0 -23"><span class='ocrx_word' id='word_1_143' title='bbox 56 2783 161 2837; x_wconf 89' lang='lat' dir='ltr'><strong>autem</strong></span> <span class='ocrx_word' id='word_1_144' title='bbox 186 2777 281 2854; x_wconf 78' lang='lat' dir='ltr'><strong>magia</strong></span> <span class='ocrx_word' id='word_1_145' title='bbox 302 2777 419 2836; x_wconf 85' lang='lat' dir='ltr'><strong>suffieit</strong></span> <span class='ocrx_word' id='word_1_146' title='bbox 440 2797 476 2840; x_wconf 88' lang='lat' dir='ltr'><strong>ea</strong></span> <span class='ocrx_word' id='word_1_147' title='bbox 499 2783 658 2841; x_wconf 87' lang='lat' dir='ltr'><strong>relationis</strong></span> <span class='ocrx_word' id='word_1_148' title='bbox 671 2781 890 2860; x_wconf 71' lang='lat' dir='ltr'><strong>metupltysiem</strong></span> <span class='ocrx_word' id='word_1_149' title='bbox 906 2797 1092 2838; x_wconf 80' lang='lat' dir='ltr'><strong>commemo-</strong></span> 
     </span>
     <span class='ocr_line' id='line_1_23' title="bbox 57 2892 1091 2974; baseline 0 -22"><span class='ocrx_word' id='word_1_150' title='bbox 57 2892 149 2964; x_wconf 80' lang='lat' dir='ltr'><strong>ratio,</strong></span> <span class='ocrx_word' id='word_1_151' title='bbox 170 2912 259 2970; x_wconf 78' lang='lat' dir='ltr'><strong>quarn</strong></span> <span class='ocrx_word' id='word_1_152' title='bbox 281 2895 306 2953; x_wconf 84' lang='lat' dir='ltr'><strong>si</strong></span> <span class='ocrx_word' id='word_1_153' title='bbox 331 2897 398 2974; x_wconf 85' lang='lat' dir='ltr'><strong>quis</strong></span> <span class='ocrx_word' id='word_1_154' title='bbox 415 2899 570 2956; x_wconf 85' lang='lat' dir='ltr'><strong>uotiouem</strong></span> <span class='ocrx_word' id='word_1_155' title='bbox 596 2899 745 2956; x_wconf 78' lang='lat' dir='ltr'><strong>libertatis</strong></span> <span class='ocrx_word' id='word_1_156' title='bbox 769 2897 909 2955; x_wconf 81' lang='lat' dir='ltr'><strong>humanae</strong></span> <span class='ocrx_word' id='word_1_157' title='bbox 942 2897 1013 2954; x_wconf 90' lang='lat' dir='ltr'><strong>iude</strong></span> <span class='ocrx_word' id='word_1_158' title='bbox 1040 2915 1091 2953; x_wconf 82' lang='lat' dir='ltr'><strong>ex-</strong></span> 
     </span>
     <span class='ocr_line' id='line_1_24' title="bbox 58 3010 1090 3093; baseline -0.004 -20"><span class='ocrx_word' id='word_1_159' title='bbox 58 3012 176 3093; x_wconf 77' lang='lat' dir='ltr'><strong>plicare</strong></span> <span class='ocrx_word' id='word_1_160' title='bbox 198 3010 257 3073; x_wconf 81' lang='lat' dir='ltr'><strong>obi</strong></span> <span class='ocrx_word' id='word_1_161' title='bbox 285 3011 470 3084; x_wconf 53' lang='lat' dir='ltr'><strong>ridentum,</strong></span> <span class='ocrx_word' id='word_1_162' title='bbox 492 3013 573 3090; x_wconf 91' lang='lat' dir='ltr'><strong>quud</strong></span> <span class='ocrx_word' id='word_1_163' title='bbox 597 3014 789 3082; x_wconf 75' lang='lat' dir='ltr'><strong>observaret,</strong></span> <span class='ocrx_word' id='word_1_164' title='bbox 813 3013 908 3071; x_wconf 85' lang='lat' dir='ltr'><strong>ileum</strong></span> <span class='ocrx_word' id='word_1_165' title='bbox 939 3014 1039 3069; x_wconf 87' lang='lat' dir='ltr'><strong>omnia</strong></span> <span class='ocrx_word' id='word_1_166' title='bbox 1060 3011 1090 3070; x_wconf 92' lang='lat' dir='ltr'><strong>iu</strong></span> 
     </span>
     <span class='ocr_line' id='line_1_25' title="bbox 56 3125 1090 3204; baseline 0.001 -19"><span class='ocrx_word' id='word_1_167' title='bbox 56 3125 183 3187; x_wconf 82' lang='lat' dir='ltr'><strong>homino</strong></span> <span class='ocrx_word' id='word_1_168' title='bbox 201 3127 330 3187; x_wconf 78' lang='lat' dir='ltr'><strong>efficere</strong></span> <span class='ocrx_word' id='word_1_169' title='bbox 350 3135 383 3187; x_wconf 81' lang='lat' dir='ltr'><strong>st</strong></span> <span class='ocrx_word' id='word_1_170' title='bbox 401 3128 556 3188; x_wconf 80' lang='lat' dir='ltr'><strong>lrnruiusm</strong></span> <span class='ocrx_word' id='word_1_171' title='bbox 570 3138 668 3188; x_wconf 85' lang='lat' dir='ltr'><strong>tumeo</strong></span> <span class='ocrx_word' id='word_1_172' title='bbox 680 3131 781 3204; x_wconf 79' lang='lat' dir='ltr'><strong>ipsum</strong></span> <span class='ocrx_word' id='word_1_173' title='bbox 798 3129 933 3204; x_wconf 78' lang='lat' dir='ltr'><strong>operari.</strong></span> <span class='ocrx_word' id='word_1_174' title='bbox 976 3127 1090 3187; x_wconf 84' lang='lat' dir='ltr'><strong>Omnes</strong></span> 
     </span>
    </p>
   </div>
   <div class='ocr_carea' id='block_1_5' title="bbox 58 3219 1091 3322">
    <p class='ocr_par' dir='ltr' id='par_1_6' title="bbox 58 3219 1091 3322">
     <span class='ocr_line' id='line_1_26' title="bbox 58 3219 1091 3322; baseline 0.002 -21"><span class='ocrx_word' id='word_1_175' title='bbox 58 3219 216 3322; x_wconf 85' lang='lat' dir='ltr'><strong>ejusmodi</strong></span> <span class='ocrx_word' id='word_1_176' title='bbox 236 3244 403 3303; x_wconf 79' lang='lat' dir='ltr'><strong>relationes</strong></span> <span class='ocrx_word' id='word_1_177' title='bbox 426 3245 457 3303; x_wconf 87' lang='lat' dir='ltr'><strong>iu</strong></span> <span class='ocrx_word' id='word_1_178' title='bbox 482 3246 718 3322; x_wconf 79' lang='lat' dir='ltr'><strong>discrepantiam</strong></span> <span class='ocrx_word' id='word_1_179' title='bbox 745 3244 893 3320; x_wconf 80' lang='lat' dir='ltr'><strong>temporis</strong></span> <span class='ocrx_word' id='word_1_180' title='bbox 923 3251 1091 3315; x_wconf 77' lang='lat' dir='ltr'><strong>transeant,</strong></span> 
     </span>
    </p>
   </div>
   <div class='ocr_carea' id='block_1_6' title="bbox 57 3360 1092 3787">
    <p class='ocr_par' dir='ltr' id='par_1_7' title="bbox 57 3360 1092 3671">
     <span class='ocr_line' id='line_1_27' title="bbox 58 3360 1090 3438; baseline -0.001 -17"><span class='ocrx_word' id='word_1_181' title='bbox 58 3378 189 3421; x_wconf 78' lang='lat' dir='ltr'><strong>tranasse</strong></span> <span class='ocrx_word' id='word_1_182' title='bbox 211 3369 270 3422; x_wconf 88' lang='lat' dir='ltr'><strong>est.</strong></span> <span class='ocrx_word' id='word_1_183' title='bbox 314 3361 417 3438; x_wconf 85' lang='lat' dir='ltr'><strong>Atque</strong></span> <span class='ocrx_word' id='word_1_184' title='bbox 437 3361 477 3419; x_wconf 87' lang='lat' dir='ltr'><strong>ita</strong></span> <span class='ocrx_word' id='word_1_185' title='bbox 501 3362 580 3421; x_wconf 85' lang='lat' dir='ltr'><strong>nulla</strong></span> <span class='ocrx_word' id='word_1_186' title='bbox 603 3360 750 3419; x_wconf 82' lang='lat' dir='ltr'><strong>derebus</strong></span> <span class='ocrx_word' id='word_1_187' title='bbox 770 3360 882 3418; x_wconf 88' lang='lat' dir='ltr'><strong>divinis</strong></span> <span class='ocrx_word' id='word_1_188' title='bbox 905 3369 935 3418; x_wconf 86' lang='lat' dir='ltr'><strong>et</strong></span> <span class='ocrx_word' id='word_1_189' title='bbox 952 3360 1090 3422; x_wconf 84' lang='lat' dir='ltr'><strong>humanis</strong></span> 
     </span>
     <span class='ocr_line' id='line_1_28' title="bbox 57 3475 1092 3556; baseline 0.001 -19"><span class='ocrx_word' id='word_1_190' title='bbox 57 3476 220 3537; x_wconf 80' lang='lat' dir='ltr'><strong>meditatio</strong></span> <span class='ocrx_word' id='word_1_191' title='bbox 242 3475 427 3555; x_wconf 79' lang='lat' dir='ltr'><strong>profundior</strong></span> <span class='ocrx_word' id='word_1_192' title='bbox 444 3477 562 3538; x_wconf 87' lang='lat' dir='ltr'><strong>institui</strong></span> <span class='ocrx_word' id='word_1_193' title='bbox 584 3489 696 3556; x_wconf 76' lang='lat' dir='ltr'><strong>potest,</strong></span> <span class='ocrx_word' id='word_1_194' title='bbox 716 3477 773 3536; x_wconf 84' lang='lat' dir='ltr'><strong>uisi</strong></span> <span class='ocrx_word' id='word_1_195' title='bbox 795 3483 829 3537; x_wconf 82' lang='lat' dir='ltr'><strong>ul</strong></span> <span class='ocrx_word' id='word_1_196' title='bbox 847 3477 993 3538; x_wconf 83' lang='lat' dir='ltr'><strong>miraculo</strong></span> <span class='ocrx_word' id='word_1_197' title='bbox 1007 3482 1092 3538; x_wconf 87' lang='lat' dir='ltr'><strong>loeus</strong></span> 
     </span>
     <span class='ocr_line' id='line_1_29' title="bbox 57 3591 390 3671; baseline -0.006 -18"><span class='ocrx_word' id='word_1_198' title='bbox 57 3593 171 3671; x_wconf 74' lang='lat' dir='ltr'><strong>aliquis</strong></span> <span class='ocrx_word' id='word_1_199' title='bbox 190 3591 390 3663; x_wconf 75' lang='lat' dir='ltr'><strong>coucedatur.</strong></span> 
     </span>
    </p>

    <p class='ocr_par' dir='ltr' id='par_1_8' title="bbox 144 3707 1091 3787">
     <span class='ocr_line' id='line_1_30' title="bbox 144 3707 1091 3787; baseline -0.002 -19"><span class='ocrx_word' id='word_1_200' title='bbox 144 3707 295 3782; x_wconf 73' lang='lat' dir='ltr'><strong>liniamus,</strong></span> <span class='ocrx_word' id='word_1_201' title='bbox 315 3711 368 3787; x_wconf 89' lang='lat' dir='ltr'><strong>qui</strong></span> <span class='ocrx_word' id='word_1_202' title='bbox 384 3714 554 3772; x_wconf 85' lang='lat' dir='ltr'><strong>naturalem</strong></span> <span class='ocrx_word' id='word_1_203' title='bbox 575 3730 680 3772; x_wconf 85' lang='lat' dir='ltr'><strong>rurum</strong></span> <span class='ocrx_word' id='word_1_204' title='bbox 697 3709 836 3770; x_wconf 86' lang='lat' dir='ltr'><strong>ordinem</strong></span> <span class='ocrx_word' id='word_1_205' title='bbox 848 3711 977 3769; x_wconf 76' lang='lat' dir='ltr'><strong>inarime</strong></span> <span class='ocrx_word' id='word_1_206' title='bbox 989 3715 1091 3786; x_wconf 75' lang='lat' dir='ltr'><strong>urget,</strong></span> 
     </span>
    </p>
   </div>
   <div class='ocr_carea' id='block_1_7' title="bbox 0 0 1235 4178">
    <p class='ocr_par' dir='ltr' id='par_1_9' title="bbox 0 0 1235 4178">
     <span class='ocr_line' id='line_1_31' title="bbox 0 0 1235 4178; baseline 0 0"><span class='ocrx_word' id='word_1_207' title='bbox 0 0 1235 4178; x_wconf 95' lang='lat' dir='ltr'><strong> </strong></span> 
     </span>
    </p>
   </div>
  </div>
 </body>
</html>
