2460 4178
578 111 629 178 18

93 338 152 380 non
176 326 278 399 potest
299 338 358 379 non
381 332 559 396 agnoscere.
603 314 769 392 Quomodo
789 316 872 376 entra
890 317 993 394 imago
1012 315 1125 395 ingenti

93 437 159 496 stre
174 438 363 516 singutorum
379 434 536 492 hominnm
553 434 618 491 sire
632 433 726 491 totins
744 432 850 511 popuii
866 431 995 511 depingi
1014 438 1124 511 potent,

94 552 223 613 attacta
247 551 337 621 nuda,
360 558 518 609 auctorum
541 549 714 608 nominibus
736 549 880 627 abjectis,
903 566 1036 627 perora
1062 547 1125 606 ter·

94 677 217 741 rentur,
237 675 288 727 aut
310 668 336 741 sl
358 666 509 745 Pompejo
533 665 760 737 tribuerentur,
781 684 849 742 qnoe
873 684 889 724 a
908 663 1038 724 Caesare
1058 662 1127 722 ren-

95 786 174 845 citer
193 792 280 863 gesta
296 790 419 857 essent3
442 782 579 841 efficacia
600 782 726 859 spiritus
747 783 901 859 qnomodo
919 796 1125 858 cognoscere·

95 909 161 972 tur,
183 902 242 960 nisi
265 920 333 978 quae
352 908 479 959 externa
503 897 723 976 impedimenta
747 899 946 974 removisset,
976 914 1056 973 qaraa
1076 912 1125 954 aa·
1170 910 1172 967 ζ

95 1025 173 1076 turso
190 1017 286 1074 moiea
303 1023 473 1086 tractasset,
498 1033 587 1091 apuam
601 1013 817 1092 objectiritatis
831 1030 963 1072 massam
976 1011 1125 1083 tinxisset,

96 1133 250 1210 cognitum
274 1126 506 1209 traheremus1).
551 1129 593 1189 Ut
614 1147 641 1192 r.
665 1148 693 1188 c.
711 1131 866 1207 ingenium
888 1128 993 1208 popuii
1006 1127 1126 1187 sadatur

95 1254 183 1305 recte
212 1247 432 1324 perspiciatur,
463 1247 626 1323 piurimum
659 1245 779 1318 refert,
811 1252 914 1305 utrum
945 1251 1127 1315 statuamus,

96 1363 208 1435 omnia,
232 1381 301 1438 quac
321 1369 526 1433 narrentur,a
549 1361 666 1420 Jeirova
689 1368 834 1440 potenter
853 1361 946 1432 iacta,
968 1378 1081 1419 revera
1096 1359 1127 1418 ia

96 1486 228 1538 externo
252 1486 368 1539 naturae
392 1497 496 1536 rernm
519 1477 628 1536 ordine
656 1480 871 1555 apparuerint,
903 1495 940 1536 an
963 1495 1000 1536 ex
1025 1475 1128 1555 subja·

101 1597 180 1657 ctiva
202 1597 321 1674 piorum
347 1594 563 1672 imaginatione
582 1593 760 1672 hujusmodi
785 1594 925 1673 prodigia
945 1599 1015 1653 nata
1034 1593 1108 1652 siut.

179 1711 256 1785 Qum
278 1729 346 1768 cum
363 1712 411 1800 ita
428 1712 500 1781 sint,
523 1709 651 1769 historia
668 1727 739 1769 vcra
762 1710 821 1768 troc
834 1709 981 1788 postulat,
1003 1715 1040 1767 ut
1058 1708 1129 1769 ttaat

96 1825 366 1902 inpboenomenia
406 1825 542 1885 externis
578 1827 655 1885 ratio
694 1827 844 1906 objectiva
875 1824 1046 1904 quoerenda
1078 1826 1128 1897 ait,

97 1941 369 2019 phaerromenorum
406 1948 508 2000 tamen
544 1959 641 2000 massa
668 1943 741 2019 igne
771 1943 966 2020 cogitationis
997 1958 1129 2020 prorsas

61 2058 68 2068 “
97 2057 307 2130 comburatur,
320 2065 352 2116 ut
370 2059 528 2116 exciuere
546 2057 706 2133 phoenicis
724 2061 819 2118 instar
833 2063 898 2138 ipsa
917 2064 1129 2119 renascantur.

96 2175 156 2236 Hic
188 2183 290 2235 autem
320 2174 519 2250 phoenomena
553 2173 690 2233 funditus
716 2175 847 2253 negandi
872 2180 905 2234 et
930 2175 1130 2237 restaurarat

98 2293 183 2351 tabor
214 2291 374 2350 historicis
402 2294 560 2368 plerisque
589 2292 872 2367 periculosissimus
897 2310 968 2351 esse
994 2290 1129 2352 videtur.

97 2406 242 2486 cogitare
264 2405 388 2484 quidem
414 2424 475 2463 nnn
493 2416 649 2478 recusant,
671 2408 766 2485 parati
791 2416 879 2479 aunt,
905 2409 956 2486 qui
974 2407 1129 2468 factorrim

97 2525 217 2583 stamini
248 2523 480 2582 meditationum
507 2539 629 2581 suarum
662 2525 823 2582 subtemen
855 2525 1008 2596 inserant3
1037 2525 1130 2585 tutis·

96 2640 174 2698 sima
193 2639 275 2697 enim
300 2638 451 2716 ejusmodi
465 2639 609 2715 cogitatio
626 2657 695 2697 esse
712 2639 851 2714 ridetnr3
873 2641 979 2699 namsi
996 2640 1130 2701 subtuna

96 2753 269 2826 accideret,
307 2761 340 2813 ut
372 2755 517 2832 cogitatio
548 2754 718 2832 subjectiva
747 2756 805 2815 sibi
835 2757 934 2816 minut
959 2761 1129 2828 constaret,

97 2888 149 2930 res
167 2872 243 2949 ipsae
265 2869 413 2929 tamenin
433 2867 515 2928 iacto
537 2871 647 2946 positae
672 2878 802 2944 restant,
827 2881 860 2932 ut
880 2872 1130 2951 semperdicam

97 2989 237 3069 possint:
260 3003 298 3044 en
311 2985 425 3043 iactum
441 2985 552 3062 ipsum,
570 3004 607 3044 eo
623 2991 775 3065 tempore,
791 2989 1130 3049 coiacoremevenisac

174 3222 198 3288 ¹)
218 3227 291 3274 Aveo
309 3223 334 3272 le
354 3224 444 3274 monde
464 3239 481 3274 a
501 3225 647 3276 commouet
665 3241 714 3277 nne
732 3243 825 3291 guerro
844 3229 887 3298 qai
912 3231 965 3282 doit
982 3231 1043 3282 dnir
1062 3247 1131 3284 orec

219 3315 245 3365 lo
262 3315 362 3376 monde,
381 3320 475 3381 cipes
494 3321 591 3381 avant3
613 3318 677 3368 celle
698 3319 728 3369 de
744 3320 864 3374 l'homme
882 3325 1129 3391 eunomianorum,

220 3407 250 3457 do
268 3405 369 3472 l’espr‘rt
388 3412 476 3459 contre
495 3409 523 3459 lo
540 3408 658 3474 motidre,
679 3413 709 3462 de
727 3415 754 3465 la
766 3414 859 3465 litent
873 3417 1000 3469 contrata
1011 3417 1129 3472 satalitd.

218 3497 359 3550 L'histoire
378 3498 445 3551 u'ast
462 3517 511 3566 pas
531 3507 607 3553 outre
626 3504 714 3570 chose,
733 3522 781 3574 qne
800 3507 825 3557 ic
843 3506 911 3558 rdcit
936 3510 966 3560 de
992 3514 1058 3562 cetto
1082 3509 1129 3560 in-

219 3589 405 3640 determinatio
435 3591 509 3643 iutte.
560 3594 701 3648 Michslet:
738 3599 916 3652 Introduction
949 3617 966 3651 a
997 3599 1129 3653 l'histoire

218 3680 387 3732 univeraeiie.
