2460 4178
575 121 663 207 ,1⁸7

104 326 171 389 hee
184 327 305 389 ¹mutatio
322 335 432 388 neutro
448 328 531 389 iuter
554 336 742 391 moerentum
755 328 921 389 identitatia
937 334 970 387 ct
985 325 1138 387 rectitatis

103 452 262 522 epponem,
283 444 516 505 fundamentum
535 453 567 503 et
590 446 740 505 rationem
758 445 805 504 roi
825 445 939 505 habero
969 444 1136 503 immanen-

103 562 180 627 tiem
198 560 360 640 utriunque
381 562 419 620 ab
439 567 558 621 aeterno
579 561 651 619 inde
669 559 834 620 mediatum
848 577 877 620 ot
895 561 1044 621 rationem
1058 558 1137 618 divi·
1201 633 1204 637 .

104 695 194 751 uam,
218 695 279 737 nou
299 685 449 750 creatam,
477 695 547 754 quaa
574 678 612 737 ιιι
639 677 773 737 humane
800 683 904 737 nostre
931 679 1137 759 qualitative,

104 802 140 853 ut
160 793 277 865 diouut,
296 793 430 854 differat.
476 795 585 870 Agnita
613 802 715 853 autem
737 793 876 854 ansatur·
898 792 953 852 Dei
982 793 1136 865 libertate,

104 918 171 971 tota
191 911 278 982 ratio,
300 930 370 989 qum
390 920 443 970 cot
462 915 545 970 inter
566 920 719 970 momenta
744 909 873 987 peritiae
900 917 933 967 et
962 908 1136 986 categoriae

101 1025 220 1104 topicae
245 1026 422 1101 invertitur3
456 1027 615 1105 positivam
644 1025 699 1085 Dei
734 1030 794 1087 rim
822 1045 894 1087 erre
922 1025 1135 1103 intelligimur,

103 1160 176 1218 que
200 1160 322 1202 omnem
348 1145 544 1203 existentium
570 1143 686 1202 reaicm
723 1144 901 1205 fundaverit
933 1151 1025 1220 atque
1056 1139 1135 1200 adeo

102 1255 223 1316 iormea
254 1261 445 1338 cntotogioae
483 1261 520 1320 iia
556 1261 649 1321 reitur
683 1262 886 1345 immanentes
921 1256 1135 1319 coortituerit.

103 1371 274 1435 'l'radimur
296 1378 338 1435 itu
357 1377 415 1436 toti
437 1376 530 1435 realia
553 1378 624 1436 vitre
646 1380 839 1456 plenitudini,
861 1379 911 1439 ubi
933 1393 1039 1437 omnen
1063 1390 1134 1452 epe-

101 1490 169 1549 ciea
188 1491 389 1551 observantiae
408 1502 489 1567 aaut,
510 1496 618 1572 quates
634 1513 668 1552 ae
683 1497 769 1554 nobie
788 1494 945 1566 offerunt,
960 1491 1043 1551 redit
1060 1488 1135 1549 fidei

101 1618 196 1684 atque
225 1609 399 1669 intuitiooie
420 1622 618 1672 momentum.
661 1613 777 1672 Ocnioa
799 1613 901 1689 igitur¹
924 1609 1133 1668 convertimur

102 1725 135 1783 iu
150 1725 452 1786 rroatrumirominum
465 1739 598 1801 coetum,
615 1732 664 1790 ubi
682 1732 750 1790 iriea
762 1727 990 1806 personalitatis
1006 1731 1134 1783 aterna

103 1840 224 1914 iiiuuit,
251 1845 432 1920 respicimus
463 1847 597 1906 diriunm
621 1847 714 1928 hujus
745 1857 852 1908 eoetna
878 1852 1049 1914 auctorem,
1078 1842 1131 1920 qui

101 1958 220 2036 prodiit
240 1971 450 2020 consummato
471 1972 625 2042 tempore,
646 1985 715 2025 cum
740 1967 789 2024 iex
809 1964 927 2024 tuoaeia
955 1963 1024 2021 data
1057 1977 1131 2018 oon-

103 2075 264 2135 aeieniiam
280 2080 400 2154 peccati
422 2083 496 2140 antia
519 2082 725 2151 efformasset,
749 2081 941 2159 agnoscimus
958 2078 1054 2136 Deum
1074 2076 1132 2136 hae

103 2193 300 2251 revelationis
320 2194 367 2253 nio
381 2199 560 2274 apparuisse
583 2203 716 2257 tritanum
734 2209 767 2256 et
784 2199 902 2274 reliqua
915 2197 1026 2253 omnia.
1068 2192 1131 2252 Aa·

102 2309 314 2369 atrocissimum
342 2321 391 2371 est
414 2314 494 2372 retia
520 2317 664 2374 uouuuiia
698 2316 809 2374 horum
839 2315 1064 2372 clementorum
1097 2309 1129 2368 in

101 2423 226 2482 dubium
255 2444 374 2500 vocare,
400 2439 433 2489 ut
453 2431 581 2491 aiiornm
602 2451 661 2512 ope
673 2435 709 2494 ad
727 2432 939 2492 necessitatem
952 2430 1031 2506 ejus,
1047 2427 1129 2506 quod

101 2543 226 2601 dubium
249 2551 307 2617 eat,
328 2543 517 2609 dialecticam
540 2549 739 2625 tiedueamor3
770 2569 836 2610 uam
858 2550 885 2608 si
906 2548 966 2606 hoc
983 2548 1029 2606 vei
1050 2545 1128 2604 iliud

98 2670 287 2720 momentum
310 2663 340 2720 in
361 2663 486 2724 dubium
510 2686 618 2728 revera
641 2681 781 2740 vocatur,
804 2686 928 2746 semper
946 2666 1004 2725 aiio
1032 2665 1131 2742 posti·

102 2779 180 2849 tire,
199 2779 307 2856 quibua
329 2781 483 2855 coloraret,
510 2787 553 2843 ita
575 2788 767 2864 cogitantur,
796 2795 828 2846 ut
850 2786 933 2845 iliius
951 2783 1075 2842 dubium
1097 2783 1128 2841 in

100 2896 212 2955 luorum
249 2898 375 2956 notione
405 2899 505 2958 iutcat.
569 2901 612 2962 itu
639 2922 708 2962 eum
739 2903 843 2964 Deiota
874 2902 1039 2977 solivagam
1070 2897 1127 2958 Dei

99 3014 256 3072 notionem
280 3014 405 3087 habeat,
429 3018 464 3075 ari
482 3021 704 3095 apparitionem
729 3019 844 3080 Christi
869 3034 1038 3097 provocare
1067 3033 1127 3072 nan

94 3131 192 3210 jurat.
219 3131 325 3210 itaqua
342 3133 507 3214 theologice
524 3155 582 3196 uon
599 3139 858 3226 comprobantium
871 3146 931 3209 eat,
949 3153 986 3192 ex
1001 3134 1127 3193 notione

99 3250 158 3310 uer
176 3250 270 3308 ιιιιιιιί
293 3255 396 3330 arqri,
416 3260 450 3312 ιιι
467 3252 608 3312 Citriatna
624 3256 712 3332 juxta
740 3257 954 3314 naamitarum
988 3251 1128 3311 tiiuiecii-

98 3384 165 3427 cam
188 3367 251 3427 irae
273 3373 319 3429 vot
341 3369 409 3430 iiio·
426 3372 497 3430 ioco
516 3373 706 3451 apparuerim
734 3371 787 3430 seri
810 3382 878 3431 caru
910 3369 1007 3431 ueraci
1033 3389 1126 3448 appa-

96 3489 215 3558 ruerit,
246 3487 568 3566 comprehendendum
600 3498 664 3559 est,
700 3490 853 3567 quomodo
884 3490 943 3548 iroc
962 3491 1125 3568 positivum

96 3604 295 3682 apparitionis
316 3604 540 3684 phaenomcuuu
562 3625 631 3664 curn
659 3608 725 3665 aliis
752 3609 961 3686 piraauomeuia
984 3608 1125 3687 positivis

94 3720 266 3788 eohaereatr
290 3731 339 3782 eat
355 3741 389 3782 ea
412 3724 561 3801 apparitio
581 3724 666 3798 quari
687 3728 833 3804 cogitatio
843 3726 948 3798 reaiir,
969 3743 1123 3801 quaecum
