2460 4178
558 139 605 209 21

150 345 227 407 cum
251 365 325 406 uero
353 353 570 425 argumentum
599 348 807 426 outologicum
838 347 967 409 llantius
993 349 1099 428 exple·

64 462 203 534 dendum
238 463 447 540 suscepisset,
483 462 642 522 diotiaetio
684 463 752 543 ejus
780 466 862 524 iuter
894 468 1100 526 exsistentiam

63 580 181 640 realem
210 587 241 638 et
267 578 418 650 idealem,
447 579 496 637 cui
525 585 590 638 tota
617 581 949 658 crisisauperstructa
981 591 1038 655 eet,
1061 579 1100 642 ad

61 700 152 760 latam
170 695 418 756 mediocritatem
442 695 640 754 recurrebat:

146 813 313 873 llorainem
342 828 413 868 esse
440 817 474 869 et
502 813 639 889 cogitare
664 829 767 890 posse,
796 794 847 870 rea
878 819 925 872 est
957 814 988 871 iu
1013 813 1096 873 lacto

62 930 183 1007 positu
207 934 282 1006 qure'
305 928 332 985 si
366 945 420 1004 per
452 944 486 984 ae
515 934 729 999 conservator,
760 928 865 1005 negari
896 946 956 986 ιιοιι
981 935 1097 1007 potest,

61 1046 95 1104 in
116 1051 273 1122 potestate
283 1043 417 1103 hominis
440 1061 520 1114 esse,
536 1041 656 1121 quarndo
677 1043 762 1116 uelit,
786 1043 883 1103 Deum
904 1052 935 1104 et
956 1046 1097 1123 cogitare

60 1167 96 1219 et
119 1177 181 1219 non
202 1161 340 1238 cogitare
357 1193 398 1204 -
415 1159 459 1218 lta
473 1169 576 1219 autem
599 1159 824 1238 phaenomenon
838 1161 899 1220 troc
914 1161 1097 1239 emplrlcurn

62 1295 121 1355 per
138 1295 173 1334 ae
196 1283 333 1348 tenetur,
357 1275 437 1335 nulla
457 1276 577 1335 accedit
589 1278 711 1354 negatio
726 1296 810 1349 vera,
831 1282 923 1355 atquc
940 1277 984 1336 lta
1005 1275 1096 1336 lacila

61 1399 276 1471 argumentum
296 1391 426 1464 vacillat,
447 1410 516 1450 cum
539 1393 684 1469 cogitatio
705 1393 807 1454 divina
828 1393 1008 1471 cogitationi
1038 1393 1096 1452 luu-

62 1528 161 1570 maure
181 1519 309 1568 externo
332 1508 423 1567 modo
446 1509 631 1585 apponinon
653 1510 761 1586 possit.
806 1504 882 1569 Cum
896 1517 1096 1587 autemquoe-

61 1626 134 1696 stio,
154 1626 236 1684 unde
252 1625 316 1703 ipsa
339 1623 494 1701 cogitandi
515 1623 645 1683 facultas
666 1625 846 1698 exstitisset,
864 1627 1095 1700 institueretur,

61 1759 193 1819 cumque
205 1741 383 1800 idealiemus
406 1741 505 1799 omaia
521 1739 724 1818 phoenomena
744 1741 831 1800 rudia
847 1758 884 1800 ex
903 1717 1097 1804 conscientie

60 1859 111 1917 aui
131 1858 261 1917 humana
281 1864 491 1934 expurgasset,
516 1865 580 1916 tum
604 1858 726 1918 demum
749 1858 816 1916 lieri
840 1860 958 1935 potuit,
986 1868 1019 1919 ut
1046 1879 1095 1921 ar-

61 1984 240 2053 gumentum
259 1973 467 2050 ontologicum
485 1993 559 2032 uere
574 1983 795 2052 agnosceretur
814 1985 846 2033 et
865 1963 1093 2038 efformaretur.

147 2091 300 2166 Quantum
323 2109 397 2149 uero
419 2089 640 2149 detrimentum
663 2091 819 2167 theologia
839 2108 876 2148 ex
898 2091 957 2150 ista
976 2093 1094 2152 medlo-

59 2208 173 2268 critate
191 2207 286 2283 cepit,
309 2213 426 2266 tantum
448 2205 578 2266 historin
600 2226 659 2266 non
681 2207 764 2284 cepit
785 2206 894 2277 solnm,
910 2204 964 2264 sed
993 2212 1094 2285 capiet

59 2325 153 2384 etiam
162 2318 614 2400 usquedumphaenomenorum
622 2339 695 2380 vera
702 2321 823 2397 negatio
836 2330 980 2400 suscepta
988 2324 1093 2388 inerit.

145 2438 265 2498 [ladem
294 2444 343 2498 est
370 2437 452 2498 enim
480 2435 616 2498 idearum
640 2438 857 2499 historicarum
877 2441 970 2498 'ratio
999 2449 1093 2519 atque

59 2574 179 2629 earum,
201 2573 277 2632 quas
301 2555 478 2632 nuperrime
497 2557 811 2627 commemoravimus,
837 2554 1092 2633 theologicarum.

62 2675 169 2751 ltaque
203 2670 264 2729 troc
303 2669 433 2747 primurn
475 2670 697 2735 observandum
732 2680 791 2743 est,
815 2690 872 2750 per
898 2674 1091 2749 negationem

59 2807 166 2872 rerum
193 2789 224 2847 in
245 2785 330 2846 iacto
353 2785 521 2864 positarum
544 2787 701 2861 penetrari
712 2787 751 2847 ad
773 2788 956 2866 principium
981 2790 1093 2867 ipsum.

60 2906 165 2970 Veluti
187 2904 284 2982 siquis
308 2902 462 2982 ingenium
485 2902 695 2963 Catholicismi
712 2889 982 2981 comprehendere
999 2923 1091 2965 cona-

59 3033 128 3096 tur,
160 3020 449 3100 plrrenomenorum,
481 3037 550 3096 qum
583 3019 644 3078 huo
671 3020 844 3096 pertinent,
873 3017 1092 3079 historicorum

59 3157 177 3200 summa
200 3135 288 3195 oculo
309 3136 394 3213 ejus,
422 3134 521 3211 quoad
550 3135 617 3195 fleri
652 3141 771 3211 potest,
800 3133 959 3194 obuersari
985 3135 1092 3209 debet,

59 3263 95 3315 ut
112 3255 151 3314 lis
170 3251 318 3329 negandis
335 3250 374 3325 ad
394 3250 577 3328 principium
600 3247 784 3310 catholicum
809 3229 985 3332 perseniam
1017 3253 1091 3312 allas

59 3349 150 3432 cuim¹
165 3367 346 3449 principium
370 3386 406 3426 ex
428 3362 501 3426 aiire
522 3373 643 3445 captum
670 3365 764 3426 rebus
793 3367 952 3426 historicis
985 3367 1091 3427 obtru-

58 3490 161 3549 deret.
209 3483 473 3561 Quemadmodum
501 3485 597 3562 igitur
623 3484 654 3542 in
682 3490 862 3562 argumento
884 3481 1091 3558 oasmologico

57 3603 164 3666 mnndi
198 3602 422 3682 phaeuamennn
460 3598 635 3660 immediate
675 3606 766 3677 atquc
803 3615 841 3658 ea
882 3597 1095 3675 contingentis

56 3724 195 3793 dabatur,
216 3721 258 3802 ita
279 3720 370 3778 etiam
390 3714 784 3803 uniuersaleGatholicismi
798 3714 1022 3792 phoenomenon
1051 3727 1090 3769 er
