2460 4178
580 80 653 195 rao

106 332 188 390 enirn
213 348 281 389 vers
309 331 438 390 historia
464 331 523 388 nisi
553 330 744 408 sempiterna
773 335 922 394 realitatis
949 348 1143 412 'transenna

106 447 185 524 Quid
207 446 466 507 immortalitatem
486 447 688 526 subjectivum
709 446 891 509 desideras?
923 440 1115 529 ὃιὺρώτιῇ
1180 432 1184 464 ¹

104 559 209 643 ψυχὴν
231 555 319 636 αἰτεῖ,
345 557 484 625 ἀπολέσει
505 555 611 642 αὑτήν.
656 564 783 624 Alienus
804 571 871 625 eret
888 564 1040 644 ejusmodi
1057 550 1121 643 ogs·-
1156 538 1159 543 Ι

104 683 199 739 lamus
221 679 257 738 ab
280 679 334 738 illo
356 689 408 739 tuo
432 679 574 755 Christo,
603 700 691 759 qvem
712 683 804 740 toties
825 682 938 744 landas.
989 681 1044 741 llle
1064 698 1127 761 per·

104 798 298 856 socratitatem
322 797 520 876 subjectivum
552 799 732 872 immolarit,
762 807 796 858 ut
825 818 882 877 per
907 798 1038 859 aliorum
1060 815 1131 859 aas·

107 915 250 975 scientias
280 921 460 994 resurgeret
482 917 576 992 inque
600 917 719 977 eoelum
742 915 899 975 memoriae
919 921 1014 994 grutae
1032 932 1136 976 mecu-

107 1033 207 1094 deret.
252 1029 285 1090 ln
305 1031 430 1092 Christo
454 1033 548 1110 igitur
570 1035 697 1094 vivimus
724 1039 756 1091 et
784 1033 951 1092 moriemur
975 1037 1008 1091 et
1032 1050 1137 1093 rasur-

107 1165 225 1226 gemus.

117 1254 119 1260 ¹
189 1263 405 1322 Examinemus
442 1270 542 1322 autem
579 1267 747 1324 accuratius
785 1267 865 1325 illam
899 1263 1067 1325 idealitatis
1107 1271 1142 1325 et

106 1379 255 1440 realitatis
277 1379 517 1451 immerentium,
533 1371 595 1439 ¹cui
624 1388 685 1440 tota
709 1384 777 1442 llaec
802 1384 962 1461 religionis
985 1383 1142 1461 interpre-

107 1498 183 1557 tatio
215 1503 428 1574 srrperstructa
457 1502 514 1553 est.
573 1495 690 1571 Qvoerit
720 1498 862 1558 idealitas
895 1499 1066 1570 abstracta,
1106 1503 1143 1557 ut

108 1614 210 1677 omnia
233 1620 397 1685 momenta,
422 1631 486 1689 qvae
507 1611 534 1669 vi
554 1615 726 1690 negationis
753 1634 787 1674 se
809 1616 939 1676 invicem
961 1613 1141 1686 excludant,

108 1731 198 1791 simul
218 1748 284 1790 eam
307 1728 502 1805 negationem
525 1728 603 1789 intra
625 1730 702 1790 lines
722 1750 793 1790 suos
808 1733 851 1791 ita
875 1732 1019 1791 reflexam
1044 1732 1142 1792 lrabe-

108 1852 172 1918 aot,
196 1852 229 1903 ut
247 1844 358 1921 positio
382 1850 413 1901 et
435 1845 556 1920 negatio
575 1846 671 1905 ubivis
696 1848 726 1906 in
741 1847 821 1907 idem
836 1817 1011 1908 concidant.
1059 1846 1142 1907 Pen-

110 1960 164 2021 det
194 1965 295 2019 autem
327 1957 456 2016 infinitae
483 1960 748 2022 determinationis
781 1956 893 2024 veritas
920 1984 936 2023 a
966 1962 1141 2042 negationis

108 2077 261 2138 realitate.
305 2073 446 2134 identitas
467 2081 568 2135 autem
592 2076 741 2139 abstracta
769 2080 860 2139 modo
887 2081 1068 2140 abstractam
1090 2080 1141 2139 sul

110 2195 302 2256 identitatem
322 2194 352 2252 in
374 2210 408 2252 se
428 2193 578 2263 continet,
600 2210 703 2252 verum
723 2196 769 2254 sni
789 2195 975 2255 contrarium
999 2201 1143 2255 extruso

110 2312 257 2382 removit3
280 2329 371 2387 quare
390 2310 468 2369 intra
484 2308 561 2366 lloes
580 2307 646 2386 ejus
659 2317 812 2370 momenta
830 2319 932 2372 mutue
945 2310 1028 2371 reale
1046 2312 1143 2372 etiam

110 2429 158 2489 sui
183 2426 370 2486 contrarium
391 2425 490 2485 ubiuis
512 2424 705 2499 desidernnt3
737 2426 836 2486 ideale
859 2427 1055 2505 perideum,
1086 2446 1162 2507 rue-³

110 2546 192 2623 gatio
214 2563 270 2622 per
284 2543 476 2620 negationem
492 2543 613 2604 deliniri
631 2545 752 2623 quidem
774 2544 905 2616 videtur,
927 2543 981 2604 sed
998 2543 1143 2606 simulata

110 2660 202 2720 modo
221 2678 256 2718 ea
280 2658 412 2717 difinitio
436 2664 492 2718 est.
544 2660 619 2720 Cum
643 2670 744 2722 autem
768 2681 872 2722 verum
894 2663 941 2721 sui
965 2663 1142 2739 negativum

112 2782 199 2837 extra
218 2793 252 2833 se
275 2773 385 2832 habeat
400 2773 540 2833 idealitas
560 2777 722 2848 abstracto,
746 2786 861 2837 naturae
880 2776 1046 2839 identitatis
1065 2782 1143 2836 cou-

113 2891 265 2952 trrdieens
291 2889 454 2948 evannescit.
498 2889 642 2968 Sequitur
665 2893 705 2952 ita
730 2910 859 2972 regnum
883 2898 1020 2952 externae
1046 2911 1143 2972 nega-

112 3010 204 3070 tionis
226 3009 245 3068 i.
272 3026 299 3066 e.
324 3024 449 3086 regnum
474 3008 621 3066 realitatis
644 3009 812 3086 empiricae,
835 3009 912 3088 qvod
936 3009 1033 3070 ruinis
1056 3009 1142 3070 illins

113 3126 350 3204 susperstrnitur.
395 3125 498 3185 Prima
511 3128 557 3184 lex
577 3134 635 3197 est,
659 3132 691 3184 nt
714 3144 765 3184 res
785 3126 924 3203 positivae
943 3126 1040 3184 altera
1064 3123 1143 3184 alte-

115 3261 176 3300 ram
197 3240 374 3312 ceolredum,
405 3261 470 3319 qvae
494 3240 678 3300 excludendi
702 3243 778 3300 ratio
801 3243 931 3319 primum
955 3241 1077 3320 quidem
1101 3243 1144 3304 tta

114 3357 273 3431 cogitatur,
291 3366 323 3414 nt
335 3357 460 3434 singulae
483 3359 560 3416 intra
572 3359 673 3436 justos
695 3358 842 3416 terminos
865 3359 966 3435 quiete
984 3359 1143 3434 torrentum

110 3519 479 3532 1-----ι-ιι-------ι--ι----

233 3622 379 3684 machelm,
401 3625 494 3688 gehdct
514 3642 564 3676 nur
582 3643 631 3677 cur
652 3625 873 3690 geschichtliohen
889 3628 969 3677 Ferus
995 3627 1135 3680 desselben

141 3750 145 3755 -
237 3720 357 3768 Straoss.
383 3715 665 3781 Schlussabhcndlung
680 3717 701 3770 l.
721 3717 741 3770 l.
761 3717 781 3785 S
802 3717 851 3768 149
870 3733 895 3784 p.
914 3716 971 3769 768.
